2567 4042
437 163 662 237 masses-

87 310 136 371 pus
153 294 331 355 sanctissimi
352 293 410 355 viri
430 292 469 353 ab
489 310 527 355 eo
547 292 678 371 propriis
700 290 837 355 manibus
853 289 1030 355 unuslatum

86 375 168 437 inisse
189 377 219 437 in
241 377 342 437 locum
362 375 392 437 ei
413 380 635 453 praeparatum.
654 373 722 434 Alia
737 373 765 433 id
779 390 873 451 genus
894 374 1031 453 exempla

85 457 170 518 videri
191 460 302 535 passim
323 461 446 534 possum
467 458 548 535 apud
569 456 788 517 Bollandianos.
816 454 901 533 Ipsae
923 457 1030 519 thecae

83 543 112 599 el
128 557 252 619 capsae,
275 557 355 618 quae
379 556 479 599 sncras
499 538 655 616 Reliquias
686 536 846 615 aliquando
877 540 1031 601 continue·

71 617 215 692 ·runt,'in
238 623 379 700 proianos
411 639 484 681 usus
514 627 690 683 convertere
722 619 805 683 nolas
831 626 898 691 est;
922 620 1031 685 debent

82 702 155 765 enim
176 704 335 772 comburi,
358 721 394 764 ae
413 703 551 773 cineres,
576 704 605 763 in
627 702 788 772 Sacrario,
813 703 862 765 vel
890 703 918 763 in
941 702 1029 765 iussis

84 782 282 849 Ecclesiarum
304 784 446 853 recondi,
471 786 561 861 idque
582 790 700 847 constat
720 803 759 846 ex
779 780 898 847 Conone
919 781 1028 863 Boon,

84 865 216 929 XXXVI
239 868 285 928 De
309 866 549 937 cunerono,
572 865 767 929 Distinctione
789 865 819 926 1.
843 866 966 928 Constat
986 870 1031 929 in·

80 966 163 1029 super
183 951 223 1013 ad
246 952 484 1027 iunnes„ntque
512 957 627 1014 veteres
649 948 857 1026 Reliquiarum
891 949 1024 1018 loculos,

83 1029 234 1108 inquibus
255 1030 416 1108 aliquando
436 1030 616 1093 Sanctorum
637 1032 767 1093 exuviae
786 1027 968 1107 jacueruut,
993 1034 1033 1093 in·

82 1111 168 1253 Xsignia
182 1119 301 1192 patrata
314 1113 407 1173 luisse
422 1114 580 1175 miracula.
590 1112 667 1177 Vide
683 1112 891 1175 Bollandianos
902 1114 939 1175 ad
950 1115 1031 1177 diem

110 1196 151 1257 Xl
170 1195 321 1261 Ianuarii.
369 1260 376 1275 ,
405 1250 410 1257 .

415 1355 542 1420 CAPUT
564 1356 651 1419 XIV.

82 1536 120 1583 un
130 1538 364 1585 senensesronn
381 1535 646 1586 snsnnnorntrun
669 1498 923 1584 innuunnrouuss
938 1539 970 1587 su
985 1538 1038 1585 us·

116 1620 221 1674 snus,
250 1619 447 1675 uncrinus,
478 1621 535 1665 suu
565 1620 788 1669 ninasnmnuu
821 1619 908 1667 stem
937 1620 1036 1665 strn-

115 1702 185 1757 n1s‚
209 1704 252 1747 nr
277 1700 515 1747 consonamus.

116 1846 140 1909 l.
162 1847 246 1911 Usus
266 1847 461 1911 benedicendi
482 1855 582 1913 vestes
604 1846 644 1929 (1)
667 1864 768 1909 sacras
797 1856 845 1912 est
873 1848 958 1926 plane
979 1866 1030 1910 an-

82 1930 261 2006 liquissirnus
283 1935 316 1990 et
335 1930 493 1991 roboratur
524 1931 699 1993 anctoritate
722 1928 883 1991 Librorum
912 1928 1033 1992 Pontifi-

80 2013 209 2080 cattum,
234 2014 320 2073 inter·
335 2030 410 2087 quos
432 2030 624 2077 recensemus
647 2012 910 2073 Sacramentorum
927 2010 1033 2073 Libros

81 2110 96 2151 a
115 2093 165 2157 SS.
190 2094 313 2155 Gelasio
336 2092 350 2153 l
370 2101 403 2157 et
422 2091 567 2173 Gregorio
582 2094 596 2157 I
610 2092 801 2156 Pontificibus
816 2092 956 2155 Maximis
970 2093 1033 2157 edi·

83 2181 142 2253 tos,
164 2178 196 2237 in
219 2176 331 2252 quihus
351 2177 462 2253 passim
484 2178 611 2255 legimus
631 2174 854 2239 benedictiones
877 2192 1031 2237 sacrarum

82 2259 204 2319 restium
228 2259 259 2318 in
282 2276 369 2318 usum
390 2256 683 2320 silandensium·
706 2257 736 2316 iu
757 2257 879 2334 antiquo
900 2256 1033 2319 Romano

83 2335 186 2403 Ordine
209 2339 312 2402 variare
326 2338 365 2399 de
379 2358 416 2401 ea
431 2358 464 2401 re
478 2342 640 2412 orationes,
655 2341 705 2412 ubi
720 2338 832 2416 egilde
848 2338 1032 2401 dedicatione

83 2417 241 2485 Ecclesiae.
266 2421 404 2483 Meminit
423 2440 545 2499 qnoque
567 2424 645 2484 inter
667 2423 740 2483 olins
769 2422 910 2498 antiquus
931 2418 1031 2485 Codex

85 2500 196 2565 lietoldi
218 2503 365 2575 Abbatis,
390 2504 419 2563 iu
441 2522 502 2580 quo
524 2506 615 2567 etiam
636 2504 675 2565 ad
696 2502 810 2581 singule
843 2504 894 2563 illa
915 2503 1031 2576 verba,

80 2586 263 2667 purificare,
290 2585 481 2657 sanescere,
513 2585 721 2666 sanctificare,
756 2585 889 2663 singulae
919 2584 1031 2648 Cruces

83 2669 230 2744 appodians
253 2673 343 2736 sunt,
365 2686 442 2744 quos
462 2670 554 2730 etiam
575 2668 679 2730 nidere
701 2672 747 2728 est
767 2668 798 2727 iu
812 2665 955 2729 Gulielmi
970 2665 1033 2729 Du·

84 2750 160 2810 nodi
181 2746 371 2819 Pontificem,
394 2755 426 2811 et
447 2750 477 2810 iu
498 2750 564 2811 aliis
579 2750 710 2828 antiquis
731 2747 900 2811 Ritualibus
915 2749 1028 2811 multis.

81 2825 234 2893 Orationes
260 2828 454 2910 Omnipotens
475 2834 650 2912 sempiterna
670 2831 751 2891 Deus
773 2842 824 2891 etc.
841 2835 872 2891 et
886 2828 964 2899 Deos
983 2834 1031 2892 io·

84 2911 172 2973 octar
194 2914 318 2997 uirtutis
333 2954 354 2979 ‚³
364 2931 443 2990 quse
464 2914 494 2973 in
510 2914 717 2975 benedictione
731 2911 966 2977 sacerdotalium
982 2912 1031 2975 ln·

81 2992 293 3073 (iumentorum
315 2993 454 3071 leguntur
480 2996 511 3055 in
540 3001 642 3058 nostro
663 2995 852 3066 Pontificali,
874 2986 978 3057 est'nnt
998 2995 1028 3053 in

85 3076 224 3139 nonnullis
250 3076 317 3137 eliis
347 3075 567 3152 sodonioribus
587 3074 835 3149 pontificalibus,
859 3092 934 3153 quos
965 3076 1030 3137 lon·

83 3172 149 3231 grim
181 3165 261 3221 esset
294 3159 344 3221 hio
371 3175 541 3221 recensere.
565 3160 654 3238 Apud
676 3158 806 3221 Graecos
834 3157 952 3221 tametsi
973 3156 1030 3219 Le·

113 3308 146 3377 ll)
163 3309 275 3375 Georgi,
295 3306 422 3375 litoroso
439 3307 557 3359 Romani
576 3308 722 3377 Pontificio,
742 3308 818 3363 Liber'
836 3306 966 3361 secundus
982 3308 1030 3361 Ca·
1048 3300 1051 3307 ’

86 3382 127 3438 put
143 3378 216 3443 X1V3
234 3376 377 3439 catalano,
397 3376 553 3445 Pontificole
571 3378 722 3429 Romanum
742 3379 943 3429 commentariis
966 3376 1030 3428 itto-

84 3448 203 3510 strntnns,
219 3458 286 3512 porr
304 3444 425 3498 comodo
442 3446 546 3497 Titulus
562 3448 618 3497 lixi
636 3454 663 3498 et
680 3448 766 3509 thll;
784 3448 891 3509 Quarti,
911 3442 1028 3498 Rubico

87 3510 198 3632 Xism
216 3516 330 3569 Romani
349 3515 551 3569 commentariis
564 3514 722 3575 ‘illustr-oto,
742 3517 843 3567 Persi
862 3516 915 3568 Tit.
927 3514 962 3566 20
977 3518 1033 3567 nu-

130 3594 155 3631 m
171 3585 207 3636 s.-
