2567 4042
471 197 533 267 esti
554 194 697 265 lasau·

82 324 273 403 anticipata
288 325 409 383 lectione
424 326 603 393 recitantur,
618 344 745 404 quorum
767 332 913 389 memoria
934 334 1069 410 sequenti·

26 434 27 460 l
83 402 147 465 die
172 406 338 473 recolitur,
368 416 516 485 qnatenus
535 417 682 467 uenturae
704 407 870 484 festivitatis
896 413 1072 475 celebratio·

88 507 171 549 ecem
194 486 328 565 digniori
349 497 501 567 apparata
518 490 765 569 praeveniamus.

463 648 593 711 CAPUT
613 650 702 713 xlx.

159 830 204 873 DE
226 830 418 874 nnrlnflortls
440 831 604 875 ntnscntus
623 832 833 879 ensslssulss
857 836 1013 880 vtndltttse
1065 813 1069 819 ¹

26 1023 29 1039 ‚
145 974 171 1034 1.
197 974 420 1052 Antiquissimis
442 975 593 1037 Ecclesiae
616 980 804 1058 temporibus
828 989 943 1043 constet
964 998 1070 1043 sacras

26 1101 27 1108 .
99 1054 209 1118 Horas
224 1060 416 1118 consuevisse
432 1060 567 1119 concludi
586 1056 756 1123 versiculo:
773 1060 990 1124 Benedicamus
1006 1064 1070 1124 Dos

100 1140 202 1209 mino,
226 1141 274 1199 cui
298 1142 571 1217 responderetura
592 1141 695 1203 Chora
715 1162 721 1201 :
745 1142 806 1202 Deo
820 1148 964 1221 gratias:
981 1146 1068 1223 quasi

26 1264 31 1300 ᾗ
100 1219 259 1281 diceretur
274 1221 370 1281 Qum
394 1223 564 1289 laudemus,
587 1225 669 1298 quod
684 1224 767 1284 nobis
791 1228 974 1289 concesserit
994 1244 1069 1289 eum

26 1351 28 1386 ἰ
103 1299 243 1367 laudare.
267 1302 300 1362 ld
324 1304 468 1363 discimus
489 1322 527 1364 ex
543 1303 699 1365 Amalario
721 1304 788 1365 Lib.
805 1305 848 1366 IV
871 1306 945 1387 Cap.
959 1308 990 1376 lt,
1014 1310 1070 1384 qui

26 1432 31 1446 .
103 1393 213 1446 monet
234 1387 345 1453 etiam,
369 1404 422 1445 nos
444 1405 480 1446 ea
503 1388 619 1446 ratione
642 1388 754 1448 imitari
776 1386 927 1451 Christum
952 1390 1003 1465 qui
1025 1388 1069 1449 di-

26 1519 27 1534 ,
102 1468 232 1529 scedens
254 1468 424 1538 amando,
449 1472 484 1526 ut
504 1468 541 1526 ad
564 1468 683 1529 caelum
707 1472 902 1549 ascenderet,
926 1470 1068 1531 salutavlt

26 1597 29 1612 .
102 1548 279 1625 discipulos,
303 1550 425 1625 illisque
447 1550 612 1610 benedixit.
636 1549 677 1611 At
699 1551 778 1628 quod
801 1552 837 1613 ad
861 1551 1059 1629 Antiphanes,

107 1632 140 1689 in
162 1629 270 1706 quibus
291 1631 395 1693 laudes
416 1630 553 1707 Virginis
574 1632 704 1693 dicimus
727 1634 852 1702 attinet,
878 1635 906 1693 iu
929 1634 1070 1694 vetustiss

26 1763 29 1784 ,.
106 1713 192 1773 simis
207 1712 412 1773 Ecclesiarum
426 1711 585 1775 Codicibus
607 1715 743 1775 divinum
759 1714 900 1776 Olllcium
915 1716 1069 1775 contineu-

26 1793 29 1864 ᾗ.
107 1794 187 1854 tibus
208 1796 316 1855 absunt
339 1795 418 1856 illaess
442 1794 710 1867 Quamvistatnen
735 1799 811 1858 haec
835 1816 905 1857 vera
927 1796 996 1863 sint,
1021 1797 1068 1855 ios

26 1871 29 1948 ζ,
107 1876 279 1937 dubitatum
294 1884 341 1936 est
361 1883 475 1944 tamen,
499 1876 573 1937 alios
594 1877 695 1953 aliqua
716 1878 877 1955 antiphona
901 1880 928 1937 in
946 1878 1068 1939 laudern

109 1955 244 2036 Virginis
264 1961 428 2033 composita
452 1966 503 2019 ant
517 1960 642 2019 solemni
666 1976 756 2035 prece
779 1960 822 2019 illi
838 1959 986 2036 obsessis,
1012 1957 1067 2021 Eo,-

26 2039 27 2094 ]
108 2040 275 2099 clesiastico
301 2038 407 2100 Officio
430 2039 519 2100 finem
543 2040 733 2119 imposuisse.
767 2041 844 2101 Sane
867 2042 1003 2101 Mostene
1030 2040 1067 2103 de
1122 2118 1123 2122 Ἰ

26 2109 28 2128 “
106 2121 244 2200 antiquis
266 2120 482 2181 Monacleorum
503 2124 611 2183 ritibus
632 2121 699 2182 Lib.
724 2122 738 2182 1
759 2120 833 2200 Cap.
858 2121 897 2181 12
920 2140 1002 2181 nurn.
1029 2122 1068 2183 17

109 2220 148 2262 cx
164 2204 375 2280 manuscriptis
397 2202 523 2263 Statntis
545 2201 674 2281 Capituli
690 2201 900 2271 Plorucensis,
926 2204 1001 2263 haec
1024 2203 1068 2263 al«

26 2341 27 2370 s
110 2284 201 2361 tegat:
225 2284 264 2343 Ia
278 2284 335 2363 fine
352 2284 545 2361 Complatorii
570 2287 633 2345 loco
649 2284 904 2365 Antiphonarum,
930 2304 1007 2364 quae
1023 2284 1068 2344 di·

111 2375 222 2425 cnntur
233 2366 269 2424 da
284 2364 379 2427 Beata
394 2364 657 2434 Moriacideticet
672 2366 820 2444 Completi
834 2375 915 2426 sant:
927 2378 981 2426 etc.
994 2364 1066 2427 Ecce

114 2446 265 2528 Compteto
293 2458 381 2507 sant:
403 2448 485 2508 debet
500 2448 561 2507 dici
574 2450 639 2508 alio
651 2448 823 2527 octabiano,
847 2448 959 2508 scilicet
974 2446 1065 2509 Alma

113 2527 340 2608 Redemptoris:
361 2540 415 2588 ant
430 2529 518 2590 Soloe
533 2529 661 2609 Regina.
685 2528 719 2589 In
742 2528 929 2591 Cluniacensi
951 2528 1065 2591 Coenos

115 2610 174 2681 bio,
185 2612 305 2686 moleto
321 2609 536 2687 Completorio,
552 2611 879 2689 processionemiuisse
895 2611 1016 2678 iactam,
1035 2613 1066 2691 in

113 2709 173 2767 qua
194 2692 281 2752 Sotae
296 2690 413 2769 Regina
435 2704 605 2763 coneretur,
630 2712 667 2754 cr
689 2695 725 2753 iis
747 2712 823 2769 quae
846 2690 940 2755 relect
962 2693 1067 2754 lauda-

116 2778 162 2832 tus
183 2771 319 2833 Marione
352 2773 389 2831 de
411 2774 548 2853 antiquis
579 2774 725 2835 Ecclesiae
751 2773 870 2835 Ritibus
903 2774 990 2834 Torn.
1021 2770 1065 2835 111

116 2851 179 2913 Lib.
203 2852 245 2913 lv
267 2854 340 2931 Cap.
363 2853 384 2915 8
406 2873 490 2915 num.
517 2856 553 2915 11
581 2876 648 2934 pag.
674 2854 738 2923 60,
763 2858 963 2933 assequimur.
986 2853 1066 2920 lame

116 2934 224 2995 dudum
248 2936 482 2996 abominicanis
508 2934 596 2998 Saloe
611 2937 729 3016 Regina
752 2936 1068 3015 postCompletorinnt

114 3016 204 3077 inisse
226 3023 389 3087 cantatam,
412 3037 450 3078 ex
465 3019 513 3078 bis
535 3018 669 3079 Thomas
684 3017 918 3097 Cantipratensis
941 3018 1006 3078 Lib.
1026 3018 1065 3079 11,

116 3098 149 3158 de
169 3100 272 3177 apibus
298 3099 370 3177 Cap.
394 3100 427 3159 X
450 3118 534 3160 nunt.
558 3100 597 3161 21
620 3101 720 3160 verbis
752 3104 964 3177 assequimur:
995 3096 1066 3161 Vere

118 3199 194 3259 ergo,
222 3182 330 3257 inquit,
352 3181 440 3259 diane
465 3193 491 3242 et
515 3185 595 3262 juste
625 3200 645 3241 a
659 3178 806 3256 fratribus
822 3181 1067 3243 Praedicatornnt

118 3263 236 3323 Parisiis
252 3274 292 3322 est
318 3265 478 3330 sancitam,
501 3273 539 3323 ut
556 3273 622 3339 post
650 3262 882 3341 Complatorium
908 3264 991 3321 omni
1016 3263 1064 3324 die
1094 3329 1096 3335 ,

117 3360 180 3403 cnm
199 3346 397 3422 processione,
415 3355 443 3405 et
457 3345 644 3405 solemnitate
666 3363 815 3405 cereorum
830 3345 917 3407 Soloe
934 3342 1064 3423 Regina,

118 3435 211 3485 mater
220 3426 455 3494 misericordiae,
481 3427 569 3507 flecis
583 3428 671 3487 initio
687 3428 807 3507 genibus
827 3429 862 3487 in
876 3428 1012 3505 gloriam,
1040 3436 1066 3489 et

117 3504 229 3565 laudem
244 3509 476 3585 gloriosissimae
490 3505 629 3585 ¹Virginis
645 3508 868 3569 decantaretur.
887 3506 1065 3571 Bzovinsad

118 3604 222 3649 annom
239 3588 321 3650 1239
342 3590 441 3660 docet,
465 3590 633 3651 decrevisse
647 3588 827 3669 Gregorinm
842 3588 963 3653 Nonum
979 3606 1068 3669 prae·
