2567 4042
409 141 676 242 'mamete

76 297 163 360 Vlll.
187 297 363 361 Necessaria
385 305 429 361 est
443 301 572 377 ‘insuper
586 299 776 362 confessario
797 297 964 360 sollicitudo
985 316 1032 360 sa·

76 381 149 444 lutis
170 382 362 448 animarum,
385 401 445 460 qua
468 383 587 460 placere
610 401 667 442 oon
690 387 815 460 quaerat
830 381 1030 450 homiuibus,

74 465 131 526 sed
148 464 289 541 prodesse
310 465 348 525 ad
364 471 515 527 aeternam
531 473 638 538 eorum
655 467 782 526 salutem
797 464 1029 540 procurandam.

119 545 284 618 lV.Quum
301 548 417 624 privata
434 543 469 608 'et
483 552 597 608 secreta
612 547 765 609 Confessio
786 563 907 624 semper
929 547 958 604 in
973 563 1031 607 usu

75 625 181 697 fuerit,
198 628 234 688 de
251 626 318 706 ejus
340 629 436 707 sigillo
457 634 548 704 agunt
562 628 720 709 Theologi,
734 628 848 690 scilicet
869 628 907 688 de
922 629 1033 705 obliga·

76 709 157 770 tione
180 727 239 786 qua
260 710 452 789 adstringitur
472 709 681 775 Confessarius
706 712 744 786 ad
774 709 955 770 servandum
986 727 1032 770 se·

76 797 206 858 cretum,
231 810 322 868 quam
345 793 453 872 triplici
475 810 512 852 ex
526 801 687 872 praecepto
709 794 875 854 derivatam
895 787 1030 862 tuentur,

61 874 217 940 naturali,
234 874 334 936 divino
355 881 386 936 et
399 875 545 944 humano.
558 875 693 936 Naturali
703 876 773 955 jure
789 875 902 941 nititur,
916 874 950 932 1⁰
962 874 1032 950 quia

73 973 115 1016 ex
137 957 321 1020 revelatione
341 956 438 1020 factae
460 955 658 1023 Confessionis
689 962 868 1036 plerumque
890 971 1033 1033 sequere-

76 1042 130 1098 tur
151 1037 274 1098 iniamia
297 1041 326 1099 in
340 1042 556 1116 poenitentem,
579 1041 626 1100 cui
648 1039 701 1100 lus
715 1038 860 1100 Naturale
875 1044 967 1104 vetat,
993 1055 1030 1096 ne

19 1155 23 1172 ,
76 1119 167 1180 detur
188 1120 284 1180 locus.
308 1118 418 1182 Divino
432 1120 505 1181 lure
520 1123 647 1198 positivo
662 1123 767 1182 nititur
789 1122 917 1198 sigillum
932 1137 1032 1180 secre-

77 1208 130 1262 tae
151 1199 359 1272 Confessionis,
384 1205 462 1264 sicut
483 1209 513 1263 et
533 1205 596 1280 ipsa
619 1202 772 1265 Confessio
792 1203 1028 1269 sacramentalis,

76 1284 150 1360 quia
172 1285 234 1345 sine
257 1285 320 1362 ipso
342 1286 504 1354 consistere
526 1303 584 1347 non
607 1291 708 1362 posset
724 1330 738 1365 ,‚
761 1303 857 1360 eoque
883 1285 1026 1350 sublato,

75 1367 195 1428 veniret
216 1367 245 1426 in
268 1367 370 1430 odium
393 1368 574 1437 hominum,
599 1386 710 1446 eosque
733 1367 889 1428 revocaret
920 1367 957 1425 ab
979 1365 1031 1423 ob·

73 1449 227 1508 servantia
250 1451 399 1526 praecepti
420 1449 458 1510 de
480 1447 671 1510 Confessione
684 1449 848 1518 >facienda,
883 1447 962 1524 quod
984 1450 1032 1506 est

73 1529 159 1592 luris
180 1528 292 1596 ,Divini2
314 1531 398 1591 uode
412 1531 501 1592 ‘istius
522 1532 612 1608 sigilli
630 1533 764 1604 violatio,
788 1548 841 1592 seu
863 1528 1031 1589 Confessio-

77 1613 124 1673 nis
147 1614 304 1682 revelatio,
328 1613 516 1690 sacrilegium
536 1618 593 1682 est,
616 1619 722 1690 utpote
742 1615 907 1690 ingravem
927 1609 1031 1670 Sacra·

79 1695 173 1754 menti
195 1695 395 1756 Poenitentiae
429 1696 599 1757 redundans
624 1693 778 1774 iujuriam.
810 1693 920 1754 Nititur
942 1692 1030 1751 tertio

78 1775 178 1851 ipsum
200 1777 331 1854 sigillum
354 1776 426 1840 lure
448 1775 687 1849 Ecclesiastico,
717 1779 787 1855 qnia
807 1775 941 1836 Ecclesia
963 1791 1033 1854 gra>-

76 1859 333 1938 vissimispoenis
353 1861 422 1930 illos
441 1859 568 1938 subjecit
588 1861 646 1938 qui.
668 1861 727 1920 tale
746 1859 876 1938 sigillum
891 1856 1029 1932 frangere

76 1941 233 2002 auderent.
242 1939 398 2002 Summam
422 1959 532 2006 revera,
549 1959 670 2020 semper
690 1942 782 2002 fuisse
804 1940 890 2016 sigilli
911 1939 1030 2015 religio-

77 2041 158 2092 nem,
175 2025 240 2084 erui
257 2041 295 2084 ex
310 2023 496 2085 Tertulliano
511 2029 621 2102 polest,
631 2023 804 2091 Ambrosio,
818 2021 938 2090 Basilio,
952 2017 1029 2080 Pau-

77 2104 148 2247 linol,
172 2123 301 2182 eamque
323 2109 426 2184 aperte
451 2107 605 2184 praecepit
625 2103 791 2168 Concilium
813 2101 1030 2180 Carthaginen-

34 2249 37 2260 ,
73 2207 109 2250 se
149 2187 270 2248 lvaan.
294 2187 345 2248 fol.
549 2253 551 2258 ,
769 2213 773 2218 v

117 2269 157 2328 V.
182 2268 319 2332 Studium
341 2270 462 2348 insuper
477 2269 615 2348 precandi
632 2270 834 2332 necessarium
850 2272 895 2328 est
909 2263 1031 2326 Confes-

72 2353 173 2413 sariis.
192 2349 266 2413 Cum
290 2351 369 2412 enim
392 2353 564 2412 moderator
585 2351 756 2412 animarum
777 2351 901 2411 consilio
922 2355 954 2409 et
979 2347 1029 2426 ju-

73 2434 152 2496 dicio
166 2435 318 2496 excellere
333 2433 451 2499 debeat.
475 2442 509 2492 ut
525 2433 599 2492 sciet
613 2435 773 2511 reprobare
787 2429 910 2501 minium,
934 2442 962 2490 ot
977 2431 1031 2490 eli·

63 2535 142 2594 ,poro
163 2517 302 2585 bonum,
334 2519 410 2578 teste
436 2513 511 2574 lsaia
534 2512 607 2590 Cap.
632 2514 690 2574 Vll
712 2520 742 2574 et
763 2514 966 2591 distinpuero,
996 2516 1033 2572 ut

71 2595 153 2658 Deus
176 2599 216 2658 ad
236 2597 361 2678 Moysen
384 2595 570 2674 loquebatur,
594 2593 819 2656 Deuteronomii
841 2595 912 2670 Cap.
926 2592 1028 2663 XVll,

70 2681 154 2750 inter
177 2683 354 2757 sanquinem
376 2688 403 2740 et
423 2681 611 2756 sanquinem,
635 2695 758 2738 causum
779 2687 806 2736 et
827 2693 966 2746 causam,
989 2677 1032 2736 le·

70 2779 172 2838 prum,
200 2773 228 2821 ct
250 2763 375 2839 lepram,
400 2760 428 2820 id
451 2761 537 2838 plane
559 2778 575 2819 a
598 2759 662 2820 Deo
684 2759 847 2837 efflagitare
870 2758 973 2829 debet,
998 2763 1032 2818 ut

18 2883 20 2890 ›
74 2843 174 2906 delei
197 2843 373 2920 sapientiam
396 2846 428 2904 et
448 2842 697 2918 intelligentiam,
726 2841 865 2918 exemplo
894 2839 1030 2919 Apostoli

74 2926 127 3002 qui
149 2943 276 2992 suorum
298 2927 388 2986 etiam
410 2923 719 2996 Thessalonicensium
742 2922 893 2983 invocavit
912 2939 1029 2999 preces,

74 3025 137 3084 quo
156 3025 230 3068 suae
252 3009 480 3085 praedicationis
502 3007 698 3084 Evangelicae
729 3022 835 3066 cursus
856 3011 936 3068 esset
963 3003 1030 3064 feli-

76 3090 138 3148 cior
160 3096 194 3151 et·
213 3088 419 3160 fructuosior,
447 3091 501 3150 sio.
517 3088 554 3148 ad
575 3089 697 3148 eusdem
718 3087 850 3147 scribens
871 3083 945 3162 Cap.
969 3083 1024 3144 lll:

77 3165 120 3230 Da
134 3183 258 3240 caetero,
275 3170 396 3248 fratrae,
413 3179 496 3232 oreta
504 3189 563 3248 pro
579 3171 669 3238 nobis,
685 3177 719 3228 ot
732 3186 828 3228 sermo
844 3169 901 3228 nea·
915 3175 1029 3234 curret,

77 3258 106 3308 et
128 3253 319 3334 clarificetur.
344 3253 411 3314 Jam
430 3270 496 3322 >non
525 3251 636 3311 suflicit
658 3249 858 3312 Confessariis
889 3247 1030 3326 precandi

79 3333 235 3409 studium,
260 3336 311 3396 sed
333 3353 409 3413 opus
441 3339 487 3394 eet
507 3333 597 3393 etiam
619 3338 653 3393 ut
674 3313 828 3393 doctrinae
849 3330 1027 3400 attendant,

82 3411 294 3494 scientiamque
326 3419 384 3479 sili
405 3419 581 3491 comparent
612 3433 650 3476 ex
677 3412 808 3491 probatis
830 3413 1027 3482 auctoribus,

87 3501 263 3566 praesertim
284 3517 359 3568 vero
381 3516 418 3560 ex
439 3496 530 3557 Sacra
544 3493 710 3574 ¹Scriptura
733 3502 764 3556 et
784 3494 883 3556 Sacris
904 3493 1030 3557 Canoni-

80 3569 159 3644 bffl,
182 3595 237 3644 nec
260 3578 563 3661 praetermittendum
590 3583 627 3659 et]
648 3577 781 3640 studium
802 3577 855 3640 SS.
878 3576 1028 3644 Patrum,
