2567 4042
599 168 825 241 wem&

237 302 321 362 addit
341 307 439 358 tamen
461 299 491 356 in
513 299 574 358 hoc
587 299 707 360 Rituele
722 298 893 358 Romanum
915 295 1122 373 denegandum
1142 313 1190 353 cc·

236 381 431 445 elesiasticam
453 381 641 456 sepulturam
665 381 858 440 morientibus
879 379 914 437 in
936 379 1054 446 tinello,
1080 375 1191 435 etiamsi

236 475 308 526 ante
330 463 441 522 obitam
463 461 601 522 dederint
621 463 709 540 siano
726 461 941 540 poenitentioe.
958 458 1056 533 Quam
1077 457 1191 517 clausu·
1257 473 1258 490 ,

235 549 295 608 lam
318 540 460 620 adjiciens
481 541 650 602 Romanum
672 545 791 604 Rituale
821 543 989 618 respexisse
1011 541 1129 598 videtur
1153 537 1192 598 ad

236 632 388 706 postrema
410 625 503 685 verba
526 626 637 687 laudati
659 625 786 687 Canonis
808 623 873 684 XX
895 621 1017 685 Consilii
1039 619 1082 681 ΙΙΙ
1098 617 1194 679 Occu·

237 708 346 770 manici
369 705 589 777 lateranensis,
613 709 699 768 relati
721 711 751 767 in
773 705 846 784 Cap.
870 705 884 765 1
906 707 950 766 De
971 702 1190 768 torneamentis,

237 807 314 868 quae
334 790 411 849 haee
426 794 516 846 sunt:
545 787 634 863 Quod
655 792 769 868 siquis
790 806 892 846 eornm
914 788 957 848 ibi
978 783 1150 860 mortuaest
1185 815 1195 825 ·
1257 809 1258 870 p

237 875 290 943 rit,
309 869 443 948 quemvis
465 871 493 927 ci
517 871 649 948 poscenti
666 870 857 947 poenitentia·
871 887 932 928 non
955 878 1079 943 nepetae
1110 866 1196 924 eccle·
1257 873 1258 938 t

237 953 356 1016 siastice
378 960 479 1010 tamen
510 962 613 1011 careat
637 954 807 1028 sepultura.
834 949 958 1010 Concilii
986 945 1194 1007 baterauensis

237 1037 402 1096 Decretum
415 1030 641 1092 confirmarunt
663 1038 765 1108 postea
786 1033 896 1109 passim
919 1032 998 1090 aliae
1020 1027 1140 1106 Synodi,
1164 1027 1194 1084 iu
1257 1019 1258 1104 l

237 1117 348 1193 quibus
368 1112 458 1172 etiam
481 1130 517 1172 ea
539 1110 674 1174 clausula
690 1115 812 1190 legitur.
825 1110 984 1172 Privantur
1001 1109 1194 1169 nihilominus

238 1194 439 1258 ecclesiastica
462 1195 628 1270 sepultura,
647 1200 680 1254 ut
701 1196 751 1255 alii
772 1198 958 1262 terreantur,
981 1195 1013 1254 et
1035 1191 1073 1250 ab
1094 1207 1130 1250 eo
1146 1188 1196 1250 de·
1257 1193 1258 1242 l

239 1276 368 1340 testabili
390 1274 504 1334 scelere
527 1277 723 1343 abstineant,
753 1293 823 1335 curn
851 1274 983 1334 viderint
1008 1273 1074 1332 illos
1102 1289 1119 1330 a
1147 1272 1196 1346 pia

240 1361 337 1422 Matre
358 1356 493 1418 Ecclesia
515 1359 625 1427 reiici,
649 1362 681 1418 et
701 1358 732 1417 in
754 1357 846 1426 loeo,
870 1372 953 1417 more
980 1369 1192 1434 paganorum,

239 1439 363 1521 profano
385 1437 517 1513 sepeliri.

280 1522 336 1582 lv.
360 1519 569 1590 Excludendae
590 1538 656 1581 esse
678 1522 716 1581 ab
737 1519 939 1589 ecclesiastica
964 1521 1117 1595 sepultura
1138 1536 1199 1578 ma·

241 1603 364 1664 nifastos
385 1605 418 1660 et
437 1601 574 1675 publicos
595 1607 779 1678 peccatores,
797 1602 849 1676 qui
871 1601 935 1661 sine
950 1601 1133 1676 poenitentia
1147 1618 1199 1678 pe-

239 1686 379 1748 rierunt,
402 1687 486 1742 recte
513 1682 605 1742 edicit
625 1689 760 1745 nostrum
783 1682 902 1742 Rituale
919 1682 1121 1758 ,nititurque
1148 1697 1200 1740 va·

239 1767 294 1825 riis
315 1762 486 1839 Curionibus
506 1782 583 1840 quos
604 1769 741 1826 recenset
755 1763 947 1826 Sacerdotale
969 1764 1127 1838 antiquum
1141 1759 1201 1821 Ee·

241 1846 267 1906 el
288 1847 355 1924 siae·
369 1843 535 1906 Romanae.
559 1843 605 1905 Ex
634 1848 817 1925 praescripto
843 1844 875 1905 S.
898 1845 999 1908 Caroli
1031 1844 1061 1903 iu
1084 1843 1200 1904 Instru-

242 1947 258 1986 c
302 1927 390 1986 nibus
411 1924 447 1984 ad
463 1925 570 1988 funera
586 1928 734 1998 ducenda,
748 1929 914 2005 denegatur
936 1925 1142 1987 aeclesiastica
1156 1943 1202 1986 se-

240 2027 260 2086 p
329 2025 362 2067 ra
382 2007 500 2067 cuilibet
513 2011 629 2069 aratoria
640 2011 794 2090 peccatori
807 2009 949 2070 morienti
963 2010 1070 2086 absque
1086 2009 1150 2068 atto
1163 2006 1201 2065 ai·

240 2110 280 2168 an
312 2089 508 2153 contritionis.
525 2090 691 2152 Manifestis
713 2095 744 2151 et
756 2089 884 2168 publicis
905 2089 1115 2168 peecatoribus
1131 2087 1200 2148 addi

241 2177 365 2248 possunt
387 2171 537 2231 manifesti
559 2179 694 2249 raptores
726 2177 756 2232 st
782 2172 944 2232 violatores
972 2168 1199 2238 Ecclesiarumr

228 2255 374 2328 itemque
397 2252 545 2313 manifesti
565 2255 712 2324 usurarii,
730 2255 793 2328 qui,
819 2254 875 2313 nisi
897 2254 1078 2330 poeniteant,
1096 2252 1200 2312 exclu-

243 2334 333 2394 deudi
354 2337 424 2393 sunt
445 2339 476 2392 et
497 2335 552 2410 ipsi
575 2336 613 2395 ab
635 2334 836 2396 ecelesiastica
858 2335 1026 2411 sepultura.
1040 2331 1100 2405 Qui
1115 2349 1201 2410 prae·

243 2423 364 2491 ceptum
387 2415 532 2475 Paschale
555 2434 612 2476 nou
635 2417 791 2491 impleuit,
814 2417 840 2476 si
862 2416 1014 2480 decedat,
1038 2418 1201 2490 antequam

243 2513 299 2574 per
314 2494 454 2557 Edictum
476 2497 647 2560 declaretur
669 2499 807 2558 incursus
829 2497 858 2556 in
880 2513 1010 2575 poenam
1032 2495 1199 2560 interdicti,

241 2594 301 2635 non
323 2581 370 2637 est
391 2579 591 2640 ecelesiastica
613 2578 770 2656 sepultura
792 2579 967 2655 privandus,
984 2579 1036 2638 sed
1053 2577 1200 2654 sepelien-

243 2657 300 2716 dus
326 2659 356 2717 in
380 2659 446 2718 loco
466 2674 579 2728 sacro,
603 2663 673 2737 quia
695 2657 808 2720 seilicet
834 2679 891 2720 non
913 2657 1052 2736 subjacet
1072 2675 1200 2737 poenas,

243 2737 339 2798 donec
361 2740 533 2802 declaretur
558 2743 588 2801 in
610 2760 679 2802 eam
706 2743 845 2802 incursus
858 2782 869 2810 .,
898 2739 998 2818 juxta
1013 2742 1203 2817 Responsum

243 2817 354 2881 Sacrae
367 2820 613 2899 Congregationis
628 2824 754 2884 Sanctae
776 2819 931 2882 Romanae
953 2821 1109 2884 Ecclesiae
1130 2819 1219 2881 Car·'

242 2899 389 2963 diaaliurn
412 2904 537 2979 negotiis
559 2902 779 2982 Episcoporum
801 2909 831 2963 et
854 2903 1053 2982 Regularium
1075 2919 1203 2980 praepo·

242 2983 330 3045 sitae.
353 2984 421 3045 Jam
441 3003 546 3044 omues
568 2987 618 3062 qui
639 2985 843 3047 ecclesiastica
857 2986 1013 3062 sepultura
1028 2985 1201 3062 privantur,
1257 2991 1258 3062 l

244 3063 270 3122 si
285 3083 360 3126 *eam
380 3068 409 3124 vi
431 3072 483 3126 aut
504 3084 576 3126 casu
597 3068 710 3129 fuerint
732 3066 852 3141 adepti,
876 3066 1013 3130 Canonos
1041 3065 1202 3127 exhumari
1257 3085 1258 3126 i

243 3143 472 3223 intentioque
494 3147 615 3224 profana
638 3151 703 3209 loca
723 3148 824 3208 abiiei.
838 3147 941 3220 Quum
962 3147 1045 3210 enim
1067 3145 1203 3208 Circum·
1257 3145 1258 3196 ἓ

188 3246 193 3258 ·
244 3228 386 3288 cellionss
406 3229 552 3306 quasdam
574 3247 612 3290 ex
626 3232 669 3290 sic
683 3227 808 3290 creditis
824 3228 1007 3308 Martyribus
1021 3231 1086 3291 suis
1102 3229 1132 3289 in
1148 3227 1202 3287 Ec·
1257 3229 1258 3289 l

244 3305 345 3369 clesiis
366 3310 563 3388 sepelissent,
587 3309 753 3388 Episcopus
773 3309 983 3380 loeivabstitit,
1007 3312 1201 3386 sepultosque
1257 3309 1258 3386 j

247 3389 378 3450 refossas
392 3391 464 3470 ejici
478 3391 574 3451 iussit.
590 3391 624 3452 ln
639 3393 725 3453 Actis
739 3391 864 3452 Consilii
880 3390 1028 3469 Cpolitani
1046 3393 1104 3452 sub
1120 3391 1200 3452 Men-

249 3489 288 3530 ua
302 3457 477 3531 instincta
500 3471 629 3548 legitur:
647 3471 841 3554 Effodiontnr
856 3489 922 3532 osso
942 3472 1199 3536 Manichaeorum:
1257 3475 1258 3520 ξ

249 3553 447 3612 momentus
461 3568 526 3612 ossa
541 3551 805 3615 Nestorienar‘um':
818 3554 1019 3615 cananiam
1033 3572 1101 3616 ossa
1114 3551 1199 3631 Entp
1257 3563 1258 3628 j

252 3633 441 3694 odiosarum.
