<?xml version="1.0" encoding="UTF-8"?>
<!DOCTYPE html PUBLIC "-//W3C//DTD XHTML 1.0 Transitional//EN"
    "http://www.w3.org/TR/xhtml1/DTD/xhtml1-transitional.dtd">
<html xmlns="http://www.w3.org/1999/xhtml" xml:lang="en" lang="en">
 <head>
  <title>
</title>
<meta http-equiv="Content-Type" content="text/html;charset=utf-8" />
  <meta name='ocr-system' content='tesseract 3.04.00' />
  <meta name='ocr-capabilities' content='ocr_page ocr_carea ocr_par ocr_line ocrx_word'/>
</head>
<body>
  <div class='ocr_page' id='page_1' title='image "./institutionesli01marigoog_0203.png"; bbox 0 0 2567 4042; ppageno 0'>
   <div class='ocr_carea' id='block_1_1' title="bbox 446 189 670 260">
    <p class='ocr_par' dir='ltr' id='par_1_1' title="bbox 446 189 670 260">
     <span class='ocr_line' id='line_1_1' title="bbox 446 189 670 260; baseline 0 0"><span class='ocrx_word' id='word_1_1' title='bbox 446 189 670 260; x_wconf 55' lang='lat' dir='ltr'><strong>*limite</strong></span> 
     </span>
    </p>
   </div>
   <div class='ocr_carea' id='block_1_2' title="bbox 82 317 1046 3507">
    <p class='ocr_par' dir='ltr' id='par_1_2' title="bbox 91 317 1037 461">
     <span class='ocr_line' id='line_1_2' title="bbox 91 317 1037 403; baseline -0.003 -24"><span class='ocrx_word' id='word_1_2' title='bbox 91 320 192 380; x_wconf 88' lang='lat' dir='ltr'><strong>clesiae</strong></span> <span class='ocrx_word' id='word_1_3' title='bbox 213 319 348 380; x_wconf 76' lang='lat' dir='ltr'><strong>hostibus</strong></span> <span class='ocrx_word' id='word_1_4' title='bbox 370 318 546 398; x_wconf 78' lang='lat' dir='ltr'><strong>profligatis,</strong></span> <span class='ocrx_word' id='word_1_5' title='bbox 570 319 723 403; x_wconf 71' lang='lat' dir='ltr'><strong>Ecclesiae</strong></span> <span class='ocrx_word' id='word_1_6' title='bbox 757 320 952 396; x_wconf 83' lang='lat' dir='ltr'><strong>tranquillitas</strong></span> <span class='ocrx_word' id='word_1_7' title='bbox 984 317 1037 378; x_wconf 91' lang='lat' dir='ltr'><strong>do-</strong></span> 
     </span>
     <span class='ocr_line' id='line_1_3' title="bbox 93 405 440 461; baseline 0 -1"><span class='ocrx_word' id='word_1_8' title='bbox 93 405 184 461; x_wconf 81' lang='lat' dir='ltr'>netur.</span> <span class='ocrx_word' id='word_1_9' title='bbox 350 443 362 461; x_wconf 92' lang='lat'><em>.</em></span> <span class='ocrx_word' id='word_1_10' title='bbox 438 442 440 446; x_wconf 90' lang='lat'><em>-</em></span> 
     </span>
    </p>

    <p class='ocr_par' dir='ltr' id='par_1_3' title="bbox 82 479 1046 3507">
     <span class='ocr_line' id='line_1_4' title="bbox 127 479 1037 561; baseline 0.002 -23"><span class='ocrx_word' id='word_1_11' title='bbox 127 481 163 543; x_wconf 85' lang='lat' dir='ltr'><strong>V.</strong></span> <span class='ocrx_word' id='word_1_12' title='bbox 186 480 377 561; x_wconf 75' lang='lat' dir='ltr'><strong>Quamquam</strong></span> <span class='ocrx_word' id='word_1_13' title='bbox 390 498 476 543; x_wconf 77' lang='lat' dir='ltr'><strong>¹nero</strong></span> <span class='ocrx_word' id='word_1_14' title='bbox 501 501 540 545; x_wconf 81' lang='lat' dir='ltr'><strong>ex</strong></span> <span class='ocrx_word' id='word_1_15' title='bbox 573 483 708 561; x_wconf 85' lang='lat' dir='ltr'><strong>repetitis</strong></span> <span class='ocrx_word' id='word_1_16' title='bbox 730 479 839 544; x_wconf 81' lang='lat' dir='ltr'><strong>Sacram</strong></span> <span class='ocrx_word' id='word_1_17' title='bbox 862 481 1037 560; x_wconf 69' lang='lat' dir='ltr'><strong>Scrinturae</strong></span> 
     </span>
     <span class='ocr_line' id='line_1_5' title="bbox 87 562 1038 644; baseline -0.001 -20"><span class='ocrx_word' id='word_1_18' title='bbox 87 565 233 633; x_wconf 85' lang='lat' dir='ltr'><strong>oraculis,</strong></span> <span class='ocrx_word' id='word_1_19' title='bbox 257 583 293 626; x_wconf 90' lang='lat' dir='ltr'><strong>ac</strong></span> <span class='ocrx_word' id='word_1_20' title='bbox 314 567 437 626; x_wconf 80' lang='lat' dir='ltr'><strong>Petrum</strong></span> <span class='ocrx_word' id='word_1_21' title='bbox 464 566 665 634; x_wconf 76' lang='lat' dir='ltr'><strong>testimoniis,</strong></span> <span class='ocrx_word' id='word_1_22' title='bbox 689 566 905 643; x_wconf 87' lang='lat' dir='ltr'><strong>aequanimiter</strong></span> <span class='ocrx_word' id='word_1_23' title='bbox 937 562 1038 644; x_wconf 87' lang='lat' dir='ltr'><strong>perle-</strong></span> 
     </span>
     <span class='ocr_line' id='line_1_6' title="bbox 89 645 1035 723; baseline 0 -17"><span class='ocrx_word' id='word_1_24' title='bbox 89 646 193 707; x_wconf 87' lang='lat' dir='ltr'><strong>rendae</strong></span> <span class='ocrx_word' id='word_1_25' title='bbox 214 646 275 707; x_wconf 92' lang='lat' dir='ltr'><strong>sint</strong></span> <span class='ocrx_word' id='word_1_26' title='bbox 296 645 526 718; x_wconf 76' lang='lat' dir='ltr'><strong>tribulationes,</strong></span> <span class='ocrx_word' id='word_1_27' title='bbox 550 664 588 706; x_wconf 82' lang='lat' dir='ltr'><strong>ex</strong></span> <span class='ocrx_word' id='word_1_28' title='bbox 610 647 723 708; x_wconf 90' lang='lat' dir='ltr'><strong>eisdem</strong></span> <span class='ocrx_word' id='word_1_29' title='bbox 754 647 947 707; x_wconf 90' lang='lat' dir='ltr'><strong>nihilominus</strong></span> <span class='ocrx_word' id='word_1_30' title='bbox 969 663 1035 723; x_wconf 86' lang='lat' dir='ltr'><strong>pas-</strong></span> 
     </span>
     <span class='ocr_line' id='line_1_7' title="bbox 88 726 1037 808; baseline -0.001 -21"><span class='ocrx_word' id='word_1_31' title='bbox 88 728 138 788; x_wconf 90' lang='lat' dir='ltr'><strong>sim</strong></span> <span class='ocrx_word' id='word_1_32' title='bbox 159 729 328 801; x_wconf 88' lang='lat' dir='ltr'><strong>docemur,</strong></span> <span class='ocrx_word' id='word_1_33' title='bbox 351 734 405 798; x_wconf 91' lang='lat' dir='ltr'><strong>ut,</strong></span> <span class='ocrx_word' id='word_1_34' title='bbox 430 728 502 792; x_wconf 93' lang='lat' dir='ltr'><strong>dum</strong></span> <span class='ocrx_word' id='word_1_35' title='bbox 524 728 595 806; x_wconf 85' lang='lat' dir='ltr'><strong>ipsis</strong></span> <span class='ocrx_word' id='word_1_36' title='bbox 610 728 793 808; x_wconf 78' lang='lat' dir='ltr'><strong>affligimur,</strong></span> <span class='ocrx_word' id='word_1_37' title='bbox 810 728 847 788; x_wconf 89' lang='lat' dir='ltr'><strong>ad</strong></span> <span class='ocrx_word' id='word_1_38' title='bbox 863 729 961 790; x_wconf 86' lang='lat' dir='ltr'><strong>Deum</strong></span> <span class='ocrx_word' id='word_1_39' title='bbox 977 726 1037 786; x_wconf 91' lang='lat' dir='ltr'><strong>cla-</strong></span> 
     </span>
     <span class='ocr_line' id='line_1_8' title="bbox 88 810 1036 889; baseline -0.001 -19"><span class='ocrx_word' id='word_1_40' title='bbox 88 828 210 882; x_wconf 88' lang='lat' dir='ltr'><strong>memus,</strong></span> <span class='ocrx_word' id='word_1_41' title='bbox 227 829 360 888; x_wconf 87' lang='lat' dir='ltr'><strong>eumque</strong></span> <span class='ocrx_word' id='word_1_42' title='bbox 375 810 559 873; x_wconf 88' lang='lat' dir='ltr'><strong>obtestemur</strong></span> <span class='ocrx_word' id='word_1_43' title='bbox 575 827 630 886; x_wconf 85' lang='lat' dir='ltr'><strong>per</strong></span> <span class='ocrx_word' id='word_1_44' title='bbox 646 828 752 886; x_wconf 88' lang='lat' dir='ltr'><strong>preces</strong></span> <span class='ocrx_word' id='word_1_45' title='bbox 767 811 900 889; x_wconf 85' lang='lat' dir='ltr'><strong>publicas</strong></span> <span class='ocrx_word' id='word_1_46' title='bbox 920 810 1036 886; x_wconf 85' lang='lat' dir='ltr'><strong>suppli-</strong></span> 
     </span>
     <span class='ocr_line' id='line_1_9' title="bbox 85 891 1036 970; baseline -0.003 -19"><span class='ocrx_word' id='word_1_47' title='bbox 85 893 287 969; x_wconf 84' lang='lat' dir='ltr'><strong>cationesque,</strong></span> <span class='ocrx_word' id='word_1_48' title='bbox 304 899 338 954; x_wconf 88' lang='lat' dir='ltr'><strong>ut</strong></span> <span class='ocrx_word' id='word_1_49' title='bbox 352 892 391 954; x_wconf 94' lang='lat' dir='ltr'><strong>ab</strong></span> <span class='ocrx_word' id='word_1_50' title='bbox 411 893 448 953; x_wconf 90' lang='lat' dir='ltr'><strong>lis</strong></span> <span class='ocrx_word' id='word_1_51' title='bbox 468 911 523 954; x_wconf 90' lang='lat' dir='ltr'><strong>nos</strong></span> <span class='ocrx_word' id='word_1_52' title='bbox 543 891 681 970; x_wconf 80' lang='lat' dir='ltr'><strong>dignetur</strong></span> <span class='ocrx_word' id='word_1_53' title='bbox 701 893 819 970; x_wconf 79' lang='lat' dir='ltr'><strong>eripere</strong></span> <span class='ocrx_word' id='word_1_54' title='bbox 840 911 875 953; x_wconf 90' lang='lat' dir='ltr'><strong>ac</strong></span> <span class='ocrx_word' id='word_1_55' title='bbox 896 891 1036 952; x_wconf 88' lang='lat' dir='ltr'><strong>liberare.</strong></span> 
     </span>
     <span class='ocr_line' id='line_1_10' title="bbox 85 971 1035 1054; baseline -0.003 -20"><span class='ocrx_word' id='word_1_56' title='bbox 85 975 134 1036; x_wconf 77' lang='lat' dir='ltr'><strong>Ait</strong></span> <span class='ocrx_word' id='word_1_57' title='bbox 153 976 237 1034; x_wconf 88' lang='lat' dir='ltr'><strong>enim</strong></span> <span class='ocrx_word' id='word_1_58' title='bbox 257 975 341 1035; x_wconf 88' lang='lat' dir='ltr'><strong>Deus</strong></span> <span class='ocrx_word' id='word_1_59' title='bbox 367 974 429 1054; x_wconf 89' lang='lat' dir='ltr'><strong>ipse</strong></span> <span class='ocrx_word' id='word_1_60' title='bbox 454 976 484 1036; x_wconf 92' lang='lat' dir='ltr'><strong>in</strong></span> <span class='ocrx_word' id='word_1_61' title='bbox 505 973 624 1035; x_wconf 85' lang='lat' dir='ltr'><strong>Psalmo</strong></span> <span class='ocrx_word' id='word_1_62' title='bbox 648 971 702 1035; x_wconf 86' lang='lat' dir='ltr'><strong>XC</strong></span> <span class='ocrx_word' id='word_1_63' title='bbox 735 973 885 1038; x_wconf 85' lang='lat' dir='ltr'><strong>Clcmcbit</strong></span> <span class='ocrx_word' id='word_1_64' title='bbox 907 972 948 1032; x_wconf 86' lang='lat' dir='ltr'><strong>cd</strong></span> <span class='ocrx_word' id='word_1_65' title='bbox 969 992 1035 1042; x_wconf 85' lang='lat' dir='ltr'><strong>mc,</strong></span> 
     </span>
     <span class='ocr_line' id='line_1_11' title="bbox 84 1053 1035 1133; baseline 0.002 -21"><span class='ocrx_word' id='word_1_66' title='bbox 84 1064 110 1116; x_wconf 83' lang='lat' dir='ltr'><strong>cl</strong></span> <span class='ocrx_word' id='word_1_67' title='bbox 131 1075 181 1133; x_wconf 71' lang='lat' dir='ltr'><strong>cco</strong></span> <span class='ocrx_word' id='word_1_68' title='bbox 202 1054 367 1118; x_wconf 67' lang='lat' dir='ltr'><strong>examen</strong></span> <span class='ocrx_word' id='word_1_69' title='bbox 390 1074 477 1125; x_wconf 81' lang='lat' dir='ltr'><strong>aem,</strong></span> <span class='ocrx_word' id='word_1_70' title='bbox 501 1075 569 1117; x_wconf 82' lang='lat' dir='ltr'><strong>cum</strong></span> <span class='ocrx_word' id='word_1_71' title='bbox 589 1057 654 1133; x_wconf 79' lang='lat' dir='ltr'><strong>ipse</strong></span> <span class='ocrx_word' id='word_1_72' title='bbox 674 1076 740 1117; x_wconf 82' lang='lat' dir='ltr'><strong>snm</strong></span> <span class='ocrx_word' id='word_1_73' title='bbox 766 1057 799 1118; x_wconf 87' lang='lat' dir='ltr'><strong>in</strong></span> <span class='ocrx_word' id='word_1_74' title='bbox 824 1053 1035 1124; x_wconf 77' lang='lat' dir='ltr'><strong>tribulatione,</strong></span> 
     </span>
     <span class='ocr_line' id='line_1_12' title="bbox 86 1135 1038 1219; baseline -0.003 -20"><span class='ocrx_word' id='word_1_75' title='bbox 86 1138 209 1216; x_wconf 72' lang='lat' dir='ltr'><strong>eripiam</strong></span> <span class='ocrx_word' id='word_1_76' title='bbox 240 1157 332 1207; x_wconf 79' lang='lat' dir='ltr'><strong>cem,</strong></span> <span class='ocrx_word' id='word_1_77' title='bbox 356 1148 383 1197; x_wconf 84' lang='lat' dir='ltr'><strong>ct</strong></span> <span class='ocrx_word' id='word_1_78' title='bbox 414 1137 584 1219; x_wconf 69' lang='lat' dir='ltr'><strong>clarificabo</strong></span> <span class='ocrx_word' id='word_1_79' title='bbox 612 1157 695 1204; x_wconf 72' lang='lat' dir='ltr'><strong>,cunc</strong></span> <span class='ocrx_word' id='word_1_80' title='bbox 719 1135 765 1198; x_wconf 82' lang='lat' dir='ltr'><strong>Ex</strong></span> <span class='ocrx_word' id='word_1_81' title='bbox 798 1138 908 1216; x_wconf 87' lang='lat' dir='ltr'><strong>quibus</strong></span> <span class='ocrx_word' id='word_1_82' title='bbox 938 1135 1038 1198; x_wconf 83' lang='lat' dir='ltr'><strong>verbis</strong></span> 
     </span>
     <span class='ocr_line' id='line_1_13' title="bbox 85 1217 1038 1308; baseline 0 -30"><span class='ocrx_word' id='word_1_83' title='bbox 85 1219 156 1308; x_wconf 64' lang='lat' dir='ltr'><strong>torte</strong></span> <span class='ocrx_word' id='word_1_84' title='bbox 178 1219 357 1295; x_wconf 80' lang='lat' dir='ltr'><strong>desumptus</strong></span> <span class='ocrx_word' id='word_1_85' title='bbox 378 1226 425 1280; x_wconf 88' lang='lat' dir='ltr'><strong>est</strong></span> <span class='ocrx_word' id='word_1_86' title='bbox 445 1221 521 1282; x_wconf 89' lang='lat' dir='ltr'><strong>ritus</strong></span> <span class='ocrx_word' id='word_1_87' title='bbox 542 1218 592 1280; x_wconf 90' lang='lat' dir='ltr'><strong>ille</strong></span> <span class='ocrx_word' id='word_1_88' title='bbox 613 1221 777 1297; x_wconf 87' lang='lat' dir='ltr'><strong>antiquus,</strong></span> <span class='ocrx_word' id='word_1_89' title='bbox 807 1238 841 1280; x_wconf 91' lang='lat' dir='ltr'><strong>ac</strong></span> <span class='ocrx_word' id='word_1_90' title='bbox 870 1217 935 1280; x_wconf 88' lang='lat' dir='ltr'><strong>iere</strong></span> <span class='ocrx_word' id='word_1_91' title='bbox 957 1235 1038 1280; x_wconf 89' lang='lat' dir='ltr'><strong>com-</strong></span> 
     </span>
     <span class='ocr_line' id='line_1_14' title="bbox 86 1299 1039 1380; baseline -0.004 -19"><span class='ocrx_word' id='word_1_92' title='bbox 86 1302 206 1373; x_wconf 89' lang='lat' dir='ltr'><strong>munis,</strong></span> <span class='ocrx_word' id='word_1_93' title='bbox 231 1299 355 1369; x_wconf 91' lang='lat' dir='ltr'><strong>dictus,</strong></span> <span class='ocrx_word' id='word_1_94' title='bbox 381 1300 503 1365; x_wconf 81' lang='lat' dir='ltr'><strong>Clamor</strong></span> <span class='ocrx_word' id='word_1_95' title='bbox 525 1320 584 1380; x_wconf 79' lang='lat' dir='ltr'><strong>pro</strong></span> <span class='ocrx_word' id='word_1_96' title='bbox 611 1301 829 1373; x_wconf 79' lang='lat' dir='ltr'><strong>tribulatione,</strong></span> <span class='ocrx_word' id='word_1_97' title='bbox 855 1319 916 1378; x_wconf 88' lang='lat' dir='ltr'><strong>quo</strong></span> <span class='ocrx_word' id='word_1_98' title='bbox 945 1299 1039 1362; x_wconf 88' lang='lat' dir='ltr'><strong>uomi-</strong></span> 
     </span>
     <span class='ocr_line' id='line_1_15' title="bbox 84 1381 1036 1464; baseline -0.004 -20"><span class='ocrx_word' id='word_1_99' title='bbox 84 1401 141 1450; x_wconf 74' lang='grc' dir='ltr'>ιιι,</span> <span class='ocrx_word' id='word_1_100' title='bbox 163 1388 197 1444; x_wconf 93' lang='lat' dir='ltr'><strong>ut</strong></span> <span class='ocrx_word' id='word_1_101' title='bbox 220 1381 312 1444; x_wconf 82' lang='lat' dir='ltr'><strong>tradit</strong></span> <span class='ocrx_word' id='word_1_102' title='bbox 337 1383 474 1460; x_wconf 83' lang='lat' dir='ltr'><strong>Martene</strong></span> <span class='ocrx_word' id='word_1_103' title='bbox 497 1383 563 1443; x_wconf 83' lang='lat' dir='ltr'><strong>Lib.</strong></span> <span class='ocrx_word' id='word_1_104' title='bbox 588 1381 632 1446; x_wconf 94' lang='lat' dir='ltr'><strong>lll</strong></span> <span class='ocrx_word' id='word_1_105' title='bbox 655 1383 698 1444; x_wconf 87' lang='lat' dir='ltr'><strong>Dc</strong></span> <span class='ocrx_word' id='word_1_106' title='bbox 726 1385 859 1464; x_wconf 70' lang='lat' dir='ltr'><strong>antiquis</strong></span> <span class='ocrx_word' id='word_1_107' title='bbox 888 1381 1036 1444; x_wconf 74' lang='lat' dir='ltr'><strong>Ecclesiae</strong></span> 
     </span>
     <span class='ocr_line' id='line_1_16' title="bbox 86 1462 1034 1544; baseline -0.001 -21"><span class='ocrx_word' id='word_1_108' title='bbox 86 1462 227 1535; x_wconf 72' lang='lat' dir='ltr'><strong>utrem,</strong></span> <span class='ocrx_word' id='word_1_109' title='bbox 259 1462 332 1544; x_wconf 81' lang='lat' dir='ltr'><strong>Cap.</strong></span> <span class='ocrx_word' id='word_1_110' title='bbox 359 1462 404 1527; x_wconf 85' lang='grc' dir='ltr'><strong>ΙΙΙ</strong></span> <span class='ocrx_word' id='word_1_111' title='bbox 431 1465 577 1526; x_wconf 84' lang='lat' dir='ltr'><strong>vocabant</strong></span> <span class='ocrx_word' id='word_1_112' title='bbox 600 1465 736 1544; x_wconf 85' lang='lat' dir='ltr'><strong>majores</strong></span> <span class='ocrx_word' id='word_1_113' title='bbox 764 1467 864 1536; x_wconf 71' lang='lat' dir='ltr'><strong>nostri,</strong></span> <span class='ocrx_word' id='word_1_114' title='bbox 880 1463 1034 1526; x_wconf 86' lang='lat' dir='ltr'><strong>nonnullas</strong></span> 
     </span>
     <span class='ocr_line' id='line_1_17' title="bbox 86 1544 1035 1622; baseline 0 -16"><span class='ocrx_word' id='word_1_115' title='bbox 86 1563 209 1620; x_wconf 84' lang='lat' dir='ltr'><strong>preces,</strong></span> <span class='ocrx_word' id='word_1_116' title='bbox 232 1563 309 1622; x_wconf 87' lang='lat' dir='ltr'><strong>quas</strong></span> <span class='ocrx_word' id='word_1_117' title='bbox 329 1544 478 1608; x_wconf 79' lang='lat' dir='ltr'><strong>Sacerdos</strong></span> <span class='ocrx_word' id='word_1_118' title='bbox 498 1547 578 1608; x_wconf 88' lang='lat' dir='ltr'><strong>inter</strong></span> <span class='ocrx_word' id='word_1_119' title='bbox 593 1550 789 1608; x_wconf 82' lang='lat' dir='ltr'><strong>‘sacrosancta</strong></span> <span class='ocrx_word' id='word_1_120' title='bbox 811 1547 972 1612; x_wconf 83' lang='lat' dir='ltr'><strong>blissarum</strong></span> <span class='ocrx_word' id='word_1_121' title='bbox 987 1563 1035 1606; x_wconf 90' lang='lat' dir='ltr'><strong>se·</strong></span> 
     </span>
     <span class='ocr_line' id='line_1_18' title="bbox 83 1627 1037 1704; baseline -0.002 -16"><span class='ocrx_word' id='word_1_122' title='bbox 83 1627 188 1690; x_wconf 89' lang='lat' dir='ltr'><strong>lemnia</strong></span> <span class='ocrx_word' id='word_1_123' title='bbox 212 1635 281 1704; x_wconf 87' lang='lat' dir='ltr'><strong>post</strong></span> <span class='ocrx_word' id='word_1_124' title='bbox 301 1627 489 1688; x_wconf 83' lang='lat' dir='ltr'><strong>Dominicam</strong></span> <span class='ocrx_word' id='word_1_125' title='bbox 509 1627 709 1696; x_wconf 88' lang='lat' dir='ltr'><strong>Orationem,</strong></span> <span class='ocrx_word' id='word_1_126' title='bbox 732 1634 866 1692; x_wconf 85' lang='lat' dir='ltr'><strong>sanctam</strong></span> <span class='ocrx_word' id='word_1_127' title='bbox 890 1631 920 1690; x_wconf 90' lang='lat' dir='ltr'><strong>lu</strong></span> <span class='ocrx_word' id='word_1_128' title='bbox 942 1628 1037 1690; x_wconf 89' lang='lat' dir='ltr'><strong>mani-</strong></span> 
     </span>
     <span class='ocr_line' id='line_1_19' title="bbox 86 1709 1038 1789; baseline -0.001 -19"><span class='ocrx_word' id='word_1_129' title='bbox 86 1710 139 1770; x_wconf 91' lang='lat' dir='ltr'><strong>bus</strong></span> <span class='ocrx_word' id='word_1_130' title='bbox 158 1717 269 1773; x_wconf 87' lang='lat' dir='ltr'><strong>tenens</strong></span> <span class='ocrx_word' id='word_1_131' title='bbox 291 1709 513 1778; x_wconf 82' lang='lat' dir='ltr'><strong>Eucharistiam</strong></span> <span class='ocrx_word' id='word_1_132' title='bbox 535 1709 716 1789; x_wconf 79' lang='lat' dir='ltr'><strong>proterebat.</strong></span> <span class='ocrx_word' id='word_1_133' title='bbox 734 1709 797 1774; x_wconf 82' lang='lat' dir='ltr'><strong>lias</strong></span> <span class='ocrx_word' id='word_1_134' title='bbox 818 1730 922 1789; x_wconf 82' lang='lat' dir='ltr'><strong>preces</strong></span> <span class='ocrx_word' id='word_1_135' title='bbox 943 1710 1038 1771; x_wconf 86' lang='lat' dir='ltr'><strong>corni-</strong></span> 
     </span>
     <span class='ocr_line' id='line_1_20' title="bbox 83 1788 1037 1871; baseline 0.001 -20"><span class='ocrx_word' id='word_1_136' title='bbox 83 1791 199 1854; x_wconf 89' lang='lat' dir='ltr'><strong>labatur</strong></span> <span class='ocrx_word' id='word_1_137' title='bbox 228 1791 406 1852; x_wconf 74' lang='lat' dir='ltr'><strong>uniuersalis</strong></span> <span class='ocrx_word' id='word_1_138' title='bbox 426 1788 581 1854; x_wconf 82' lang='lat' dir='ltr'><strong>Ecclesiae</strong></span> <span class='ocrx_word' id='word_1_139' title='bbox 609 1795 733 1862; x_wconf 84' lang='lat' dir='ltr'><strong>luctus,</strong></span> <span class='ocrx_word' id='word_1_140' title='bbox 763 1811 853 1871; x_wconf 86' lang='lat' dir='ltr'><strong>qrrem</strong></span> <span class='ocrx_word' id='word_1_141' title='bbox 885 1795 914 1860; x_wconf 90' lang='lat' dir='ltr'><strong>in</strong></span> <span class='ocrx_word' id='word_1_142' title='bbox 941 1792 1037 1853; x_wconf 85' lang='lat' dir='ltr'><strong>exliu-</strong></span> 
     </span>
     <span class='ocr_line' id='line_1_21' title="bbox 83 1872 1036 1952; baseline 0 -19"><span class='ocrx_word' id='word_1_143' title='bbox 83 1875 176 1936; x_wconf 87' lang='lat' dir='ltr'><strong>ctinue</strong></span> <span class='ocrx_word' id='word_1_144' title='bbox 199 1872 396 1935; x_wconf 89' lang='lat' dir='ltr'><strong>luminarium</strong></span> <span class='ocrx_word' id='word_1_145' title='bbox 419 1873 450 1932; x_wconf 92' lang='lat' dir='ltr'><strong>in</strong></span> <span class='ocrx_word' id='word_1_146' title='bbox 471 1874 593 1952; x_wconf 85' lang='lat' dir='ltr'><strong>templis</strong></span> <span class='ocrx_word' id='word_1_147' title='bbox 614 1874 737 1934; x_wconf 89' lang='lat' dir='ltr'><strong>accendi</strong></span> <span class='ocrx_word' id='word_1_148' title='bbox 752 1873 925 1946; x_wconf 90' lang='lat' dir='ltr'><strong>solitorum,</strong></span> <span class='ocrx_word' id='word_1_149' title='bbox 943 1875 1036 1934; x_wconf 90' lang='lat' dir='ltr'><strong>denu-</strong></span> 
     </span>
     <span class='ocr_line' id='line_1_22' title="bbox 84 1953 1035 2026; baseline 0.002 -12"><span class='ocrx_word' id='word_1_150' title='bbox 84 1955 197 2020; x_wconf 86' lang='lat' dir='ltr'><strong>datione</strong></span> <span class='ocrx_word' id='word_1_151' title='bbox 220 1953 396 2023; x_wconf 82' lang='lat' dir='ltr'><strong>Altarium,</strong></span> <span class='ocrx_word' id='word_1_152' title='bbox 419 1954 525 2016; x_wconf 83' lang='lat' dir='ltr'><strong>Officio</strong></span> <span class='ocrx_word' id='word_1_153' title='bbox 557 1961 589 2016; x_wconf 91' lang='lat' dir='ltr'><strong>et</strong></span> <span class='ocrx_word' id='word_1_154' title='bbox 617 1960 706 2016; x_wconf 89' lang='lat' dir='ltr'><strong>cantu</strong></span> <span class='ocrx_word' id='word_1_155' title='bbox 733 1957 910 2026; x_wconf 88' lang='lat' dir='ltr'><strong>submisso,</strong></span> <span class='ocrx_word' id='word_1_156' title='bbox 933 1956 1035 2021; x_wconf 81' lang='lat' dir='ltr'><strong>aliisve</strong></span> 
     </span>
     <span class='ocr_line' id='line_1_23' title="bbox 83 2036 1032 2117; baseline 0.003 -21"><span class='ocrx_word' id='word_1_157' title='bbox 83 2036 256 2117; x_wconf 79' lang='lat' dir='ltr'><strong>hujusmodi</strong></span> <span class='ocrx_word' id='word_1_158' title='bbox 287 2037 425 2104; x_wconf 88' lang='lat' dir='ltr'><strong>tristitiae</strong></span> <span class='ocrx_word' id='word_1_159' title='bbox 448 2038 643 2114; x_wconf 75' lang='lat' dir='ltr'><strong>&#39;argumentis</strong></span> <span class='ocrx_word' id='word_1_160' title='bbox 676 2036 774 2114; x_wconf 80' lang='lat' dir='ltr'><strong>palam</strong></span> <span class='ocrx_word' id='word_1_161' title='bbox 806 2038 945 2100; x_wconf 85' lang='lat' dir='ltr'><strong>iaciebat.</strong></span> <span class='ocrx_word' id='word_1_162' title='bbox 968 2036 1032 2099; x_wconf 86' lang='lat' dir='ltr'><strong>Nn·</strong></span> 
     </span>
     <span class='ocr_line' id='line_1_24' title="bbox 85 2117 1037 2197; baseline -0.001 -17"><span class='ocrx_word' id='word_1_163' title='bbox 85 2138 182 2183; x_wconf 88' lang='lat' dir='ltr'><strong>merus</strong></span> <span class='ocrx_word' id='word_1_164' title='bbox 203 2117 412 2180; x_wconf 80' lang='lat' dir='ltr'><strong>calamitatum</strong></span> <span class='ocrx_word' id='word_1_165' title='bbox 425 2137 504 2180; x_wconf 90' lang='lat' dir='ltr'><strong>-cum</strong></span> <span class='ocrx_word' id='word_1_166' title='bbox 526 2117 752 2180; x_wconf 88' lang='lat' dir='ltr'><strong>innumerabilis</strong></span> <span class='ocrx_word' id='word_1_167' title='bbox 774 2122 821 2188; x_wconf 84' lang='lat' dir='ltr'><strong>sit,</strong></span> <span class='ocrx_word' id='word_1_168' title='bbox 842 2121 950 2197; x_wconf 85' lang='lat' dir='ltr'><strong>quibus</strong></span> <span class='ocrx_word' id='word_1_169' title='bbox 972 2126 1037 2197; x_wconf 87' lang='lat' dir='ltr'><strong>pot-</strong></span> 
     </span>
     <span class='ocr_line' id='line_1_25' title="bbox 82 2200 1034 2277; baseline 0 -15"><span class='ocrx_word' id='word_1_170' title='bbox 82 2207 127 2264; x_wconf 88' lang='lat' dir='ltr'><strong>est</strong></span> <span class='ocrx_word' id='word_1_171' title='bbox 145 2203 288 2264; x_wconf 76' lang='lat' dir='ltr'><strong>unirersa</strong></span> <span class='ocrx_word' id='word_1_172' title='bbox 311 2208 391 2261; x_wconf 90' lang='lat' dir='ltr'><strong>terra</strong></span> <span class='ocrx_word' id='word_1_173' title='bbox 413 2201 566 2272; x_wconf 85' lang='lat' dir='ltr'><strong>afflictari,</strong></span> <span class='ocrx_word' id='word_1_174' title='bbox 589 2207 620 2261; x_wconf 92' lang='lat' dir='ltr'><strong>et</strong></span> <span class='ocrx_word' id='word_1_175' title='bbox 640 2200 763 2277; x_wconf 78' lang='lat' dir='ltr'><strong>singulis</strong></span> <span class='ocrx_word' id='word_1_176' title='bbox 786 2202 858 2262; x_wconf 85' lang='lat' dir='ltr'><strong>velit</strong></span> <span class='ocrx_word' id='word_1_177' title='bbox 872 2220 1034 2264; x_wconf 90' lang='lat' dir='ltr'><strong>occurrere</strong></span> 
     </span>
     <span class='ocr_line' id='line_1_26' title="bbox 84 2282 1034 2364; baseline -0.001 -22"><span class='ocrx_word' id='word_1_178' title='bbox 84 2284 127 2360; x_wconf 79' lang='lat' dir='ltr'><strong>pia</strong></span> <span class='ocrx_word' id='word_1_179' title='bbox 148 2283 251 2344; x_wconf 85' lang='lat' dir='ltr'><strong>Mater</strong></span> <span class='ocrx_word' id='word_1_180' title='bbox 272 2282 430 2351; x_wconf 80' lang='lat' dir='ltr'><strong>Ecclesla3</strong></span> <span class='ocrx_word' id='word_1_181' title='bbox 452 2284 522 2345; x_wconf 88' lang='lat' dir='ltr'><strong>hinc</strong></span> <span class='ocrx_word' id='word_1_182' title='bbox 544 2289 610 2352; x_wconf 85' lang='lat' dir='ltr'><strong>est,</strong></span> <span class='ocrx_word' id='word_1_183' title='bbox 634 2289 690 2348; x_wconf 82' lang='lat' dir='ltr'><strong>ut,</strong></span> <span class='ocrx_word' id='word_1_184' title='bbox 714 2286 854 2361; x_wconf 81' lang='lat' dir='ltr'><strong>expositis</strong></span> <span class='ocrx_word' id='word_1_185' title='bbox 875 2285 938 2364; x_wconf 84' lang='lat' dir='ltr'><strong>jam</strong></span> <span class='ocrx_word' id='word_1_186' title='bbox 961 2301 1034 2344; x_wconf 90' lang='lat' dir='ltr'><strong>non·</strong></span> 
     </span>
     <span class='ocr_line' id='line_1_27' title="bbox 85 2364 1035 2442; baseline 0.004 -18"><span class='ocrx_word' id='word_1_187' title='bbox 85 2367 169 2428; x_wconf 87' lang='lat' dir='ltr'><strong>nullis</strong></span> <span class='ocrx_word' id='word_1_188' title='bbox 191 2365 434 2432; x_wconf 83' lang='lat' dir='ltr'><strong>calamitatibus,</strong></span> <span class='ocrx_word' id='word_1_189' title='bbox 458 2370 498 2426; x_wconf 79' lang='lat' dir='ltr'><strong>et.</strong></span> <span class='ocrx_word' id='word_1_190' title='bbox 510 2383 564 2442; x_wconf 87' lang='lat' dir='ltr'><strong>pro</strong></span> <span class='ocrx_word' id='word_1_191' title='bbox 584 2382 692 2425; x_wconf 90' lang='lat' dir='ltr'><strong>earum</strong></span> <span class='ocrx_word' id='word_1_192' title='bbox 708 2364 904 2428; x_wconf 84' lang='lat' dir='ltr'><strong>liberatione.</strong></span> <span class='ocrx_word' id='word_1_193' title='bbox 928 2366 1035 2442; x_wconf 85' lang='lat' dir='ltr'><strong>aliqui-</strong></span> 
     </span>
     <span class='ocr_line' id='line_1_28' title="bbox 83 2445 1034 2524; baseline 0.002 -18"><span class='ocrx_word' id='word_1_194' title='bbox 83 2446 136 2508; x_wconf 91' lang='lat' dir='ltr'><strong>bus</strong></span> <span class='ocrx_word' id='word_1_195' title='bbox 156 2446 318 2524; x_wconf 80' lang='lat' dir='ltr'><strong>assiguatis</strong></span> <span class='ocrx_word' id='word_1_196' title='bbox 339 2447 491 2524; x_wconf 85' lang='lat' dir='ltr'><strong>precibus,</strong></span> <span class='ocrx_word' id='word_1_197' title='bbox 504 2447 560 2508; x_wconf 92' lang='lat' dir='ltr'><strong>sub</strong></span> <span class='ocrx_word' id='word_1_198' title='bbox 582 2465 641 2506; x_wconf 91' lang='lat' dir='ltr'><strong>nnn</strong></span> <span class='ocrx_word' id='word_1_199' title='bbox 657 2445 744 2506; x_wconf 89' lang='lat' dir='ltr'><strong>titulo</strong></span> <span class='ocrx_word' id='word_1_200' title='bbox 759 2465 863 2508; x_wconf 90' lang='lat' dir='ltr'><strong>omnes</strong></span> <span class='ocrx_word' id='word_1_201' title='bbox 878 2449 951 2518; x_wconf 83' lang='lat' dir='ltr'><strong>alins</strong></span> <span class='ocrx_word' id='word_1_202' title='bbox 965 2465 1034 2510; x_wconf 79' lang='lat' dir='ltr'><strong>evo</strong></span> 
     </span>
     <span class='ocr_line' id='line_1_29' title="bbox 84 2526 1032 2608; baseline 0.001 -21"><span class='ocrx_word' id='word_1_203' title='bbox 84 2529 347 2597; x_wconf 83' lang='lat' dir='ltr'><strong>carecurarerit,</strong></span> <span class='ocrx_word' id='word_1_204' title='bbox 369 2528 552 2594; x_wconf 88' lang='lat' dir='ltr'><strong>Orationes,</strong></span> <span class='ocrx_word' id='word_1_205' title='bbox 579 2536 611 2588; x_wconf 91' lang='lat' dir='ltr'><strong>et</strong></span> <span class='ocrx_word' id='word_1_206' title='bbox 635 2526 746 2590; x_wconf 88' lang='lat' dir='ltr'><strong>Preces</strong></span> <span class='ocrx_word' id='word_1_207' title='bbox 771 2531 947 2608; x_wconf 83' lang='lat' dir='ltr'><strong>assignando</strong></span> <span class='ocrx_word' id='word_1_208' title='bbox 975 2548 1032 2608; x_wconf 78' lang='lat' dir='ltr'><strong>pro</strong></span> 
     </span>
     <span class='ocr_line' id='line_1_30' title="bbox 83 2606 1033 2689; baseline 0.003 -19"><span class='ocrx_word' id='word_1_209' title='bbox 83 2627 266 2689; x_wconf 77' lang='lat' dir='ltr'><strong>canonesque</strong></span> <span class='ocrx_word' id='word_1_210' title='bbox 292 2606 503 2672; x_wconf 77' lang='lat' dir='ltr'><strong>Tridclotienc.</strong></span> <span class='ocrx_word' id='word_1_211' title='bbox 526 2609 608 2672; x_wconf 89' lang='lat' dir='ltr'><strong>lnter</strong></span> <span class='ocrx_word' id='word_1_212' title='bbox 630 2610 784 2688; x_wconf 77' lang='lat' dir='ltr'><strong>generales</strong></span> <span class='ocrx_word' id='word_1_213' title='bbox 810 2617 910 2672; x_wconf 88' lang='lat' dir='ltr'><strong>autem</strong></span> <span class='ocrx_word' id='word_1_214' title='bbox 938 2611 1033 2672; x_wconf 89' lang='lat' dir='ltr'><strong>tribu·</strong></span> 
     </span>
     <span class='ocr_line' id='line_1_31' title="bbox 86 2692 1031 2774; baseline 0.003 -25"><span class='ocrx_word' id='word_1_215' title='bbox 86 2692 227 2758; x_wconf 79' lang='lat' dir='ltr'><strong>latiores,</strong></span> <span class='ocrx_word' id='word_1_216' title='bbox 250 2693 359 2768; x_wconf 87' lang='lat' dir='ltr'><strong>qulbus</strong></span> <span class='ocrx_word' id='word_1_217' title='bbox 379 2692 551 2768; x_wconf 81' lang='lat' dir='ltr'><strong>bumanurnj</strong></span> <span class='ocrx_word' id='word_1_218' title='bbox 568 2709 663 2768; x_wconf 73' lang='lat' dir='ltr'><strong>genus</strong></span> <span class='ocrx_word' id='word_1_219' title='bbox 695 2692 783 2770; x_wconf 76' lang='lat' dir='ltr'><strong>allligl</strong></span> <span class='ocrx_word' id='word_1_220' title='bbox 806 2694 902 2761; x_wconf 87' lang='lat' dir='ltr'><strong>solet,</strong></span> <span class='ocrx_word' id='word_1_221' title='bbox 928 2710 1031 2774; x_wconf 86' lang='lat' dir='ltr'><strong>recen-</strong></span> 
     </span>
     <span class='ocr_line' id='line_1_32' title="bbox 84 2771 1034 2852; baseline 0 -19"><span class='ocrx_word' id='word_1_222' title='bbox 84 2777 140 2834; x_wconf 88' lang='lat' dir='ltr'><strong>seri</strong></span> <span class='ocrx_word' id='word_1_223' title='bbox 160 2774 287 2852; x_wconf 87' lang='lat' dir='ltr'><strong>quidem</strong></span> <span class='ocrx_word' id='word_1_224' title='bbox 309 2778 406 2851; x_wconf 83' lang='lat' dir='ltr'><strong>polest</strong></span> <span class='ocrx_word' id='word_1_225' title='bbox 428 2771 663 2848; x_wconf 76' lang='lat' dir='ltr'><strong>Terracmolns.</strong></span> <span class='ocrx_word' id='word_1_226' title='bbox 688 2775 734 2834; x_wconf 90' lang='lat' dir='ltr'><strong>c&#39;ui</strong></span> <span class='ocrx_word' id='word_1_227' title='bbox 757 2775 917 2836; x_wconf 87' lang='lat' dir='ltr'><strong>avertendo</strong></span> <span class='ocrx_word' id='word_1_228' title='bbox 946 2775 1034 2835; x_wconf 88' lang='lat' dir='ltr'><strong>indici</strong></span> 
     </span>
     <span class='ocr_line' id='line_1_33' title="bbox 85 2855 1035 2935; baseline -0.002 -17"><span class='ocrx_word' id='word_1_229' title='bbox 85 2860 176 2930; x_wconf 75' lang='lat' dir='ltr'><strong>nouo</strong></span> <span class='ocrx_word' id='word_1_230' title='bbox 197 2855 445 2935; x_wconf 87' lang='lat' dir='ltr'><strong>Processiocum</strong></span> <span class='ocrx_word' id='word_1_231' title='bbox 466 2856 628 2934; x_wconf 75' lang='lat' dir='ltr'><strong>designetis</strong></span> <span class='ocrx_word' id='word_1_232' title='bbox 650 2855 791 2916; x_wconf 89' lang='lat' dir='ltr'><strong>Precibus</strong></span> <span class='ocrx_word' id='word_1_233' title='bbox 813 2855 1035 2918; x_wconf 89' lang='lat' dir='ltr'><strong>Poenitentlali-</strong></span> 
     </span>
     <span class='ocr_line' id='line_1_34' title="bbox 86 2936 1046 3017; baseline -0.001 -23"><span class='ocrx_word' id='word_1_234' title='bbox 86 2937 156 3007; x_wconf 89' lang='lat' dir='ltr'><strong>bus,</strong></span> <span class='ocrx_word' id='word_1_235' title='bbox 179 2938 272 3017; x_wconf 80' lang='lat' dir='ltr'><strong>juxta</strong></span> <span class='ocrx_word' id='word_1_236' title='bbox 292 2937 448 3013; x_wconf 85' lang='lat' dir='ltr'><strong>antiquum</strong></span> <span class='ocrx_word' id='word_1_237' title='bbox 471 2937 668 2998; x_wconf 81' lang='lat' dir='ltr'><strong>et&#39;usitaturn</strong></span> <span class='ocrx_word' id='word_1_238' title='bbox 680 2936 842 3000; x_wconf 75' lang='lat' dir='ltr'><strong>Ecclesiae</strong></span> <span class='ocrx_word' id='word_1_239' title='bbox 864 2938 979 3008; x_wconf 88' lang='lat' dir='ltr'><strong>ritum,</strong></span> <span class='ocrx_word' id='word_1_240' title='bbox 1003 2939 1046 2998; x_wconf 63' lang='lat' dir='ltr'><strong>in,</strong></span> 
     </span>
     <span class='ocr_line' id='line_1_35' title="bbox 85 3013 1032 3102; baseline 0.004 -26"><span class='ocrx_word' id='word_1_241' title='bbox 85 3013 215 3080; x_wconf 85' lang='lat' dir='ltr'><strong>ilistoria</strong></span> <span class='ocrx_word' id='word_1_242' title='bbox 237 3015 447 3080; x_wconf 88' lang='lat' dir='ltr'><strong>Ecclesiastica</strong></span> <span class='ocrx_word' id='word_1_243' title='bbox 466 3036 503 3078; x_wconf 88' lang='lat' dir='ltr'><strong>ac</strong></span> <span class='ocrx_word' id='word_1_244' title='bbox 531 3017 659 3102; x_wconf 73' lang='lat' dir='ltr'><strong>invitis</strong></span> <span class='ocrx_word' id='word_1_245' title='bbox 687 3019 863 3082; x_wconf 88' lang='lat' dir='ltr'><strong>Sanctorum</strong></span> <span class='ocrx_word' id='word_1_246' title='bbox 894 3021 1032 3096; x_wconf 77' lang='lat' dir='ltr'><strong>[requen-</strong></span> 
     </span>
     <span class='ocr_line' id='line_1_36' title="bbox 85 3099 1033 3178; baseline 0 -18"><span class='ocrx_word' id='word_1_247' title='bbox 85 3105 360 3162; x_wconf 62' lang='lat' dir='ltr'><strong>termemoratum:</strong></span> <span class='ocrx_word' id='word_1_248' title='bbox 375 3106 467 3177; x_wconf 78' lang='lat' dir='ltr'><strong>atque</strong></span> <span class='ocrx_word' id='word_1_249' title='bbox 494 3117 682 3178; x_wconf 84' lang='lat' dir='ltr'><strong>expressum.</strong></span> <span class='ocrx_word' id='word_1_250' title='bbox 707 3099 829 3166; x_wconf 88' lang='lat' dir='ltr'><strong>Praeter</strong></span> <span class='ocrx_word' id='word_1_251' title='bbox 856 3100 1033 3166; x_wconf 86' lang='lat' dir='ltr'><strong>Terraemo-</strong></span> 
     </span>
     <span class='ocr_line' id='line_1_37' title="bbox 86 3183 1032 3263; baseline 0.004 -22"><span class='ocrx_word' id='word_1_252' title='bbox 86 3184 129 3241; x_wconf 90' lang='lat' dir='ltr'><strong>tus</strong></span> <span class='ocrx_word' id='word_1_253' title='bbox 147 3189 218 3245; x_wconf 90' lang='lat' dir='ltr'><strong>sunt</strong></span> <span class='ocrx_word' id='word_1_254' title='bbox 238 3187 271 3242; x_wconf 89' lang='lat' dir='ltr'><strong>et</strong></span> <span class='ocrx_word' id='word_1_255' title='bbox 290 3183 366 3243; x_wconf 88' lang='lat' dir='ltr'><strong>allae</strong></span> <span class='ocrx_word' id='word_1_256' title='bbox 388 3183 500 3246; x_wconf 89' lang='lat' dir='ltr'><strong>multae</strong></span> <span class='ocrx_word' id='word_1_257' title='bbox 521 3183 731 3263; x_wconf 82' lang='lat' dir='ltr'><strong>calamitates,</strong></span> <span class='ocrx_word' id='word_1_258' title='bbox 754 3191 787 3245; x_wconf 93' lang='lat' dir='ltr'><strong>ut</strong></span> <span class='ocrx_word' id='word_1_259' title='bbox 801 3185 942 3247; x_wconf 85' lang='lat' dir='ltr'><strong>arborum</strong></span> <span class='ocrx_word' id='word_1_260' title='bbox 964 3201 1032 3246; x_wconf 89' lang='lat' dir='ltr'><strong>are-</strong></span> 
     </span>
     <span class='ocr_line' id='line_1_38' title="bbox 83 3264 1032 3344; baseline 0.003 -21"><span class='ocrx_word' id='word_1_261' title='bbox 83 3265 201 3335; x_wconf 80' lang='lat' dir='ltr'><strong>scentia,</strong></span> <span class='ocrx_word' id='word_1_262' title='bbox 215 3265 421 3335; x_wconf 87' lang='lat' dir='ltr'><strong>locustarum,</strong></span> <span class='ocrx_word' id='word_1_263' title='bbox 444 3265 596 3335; x_wconf 87' lang='lat' dir='ltr'><strong>murium,</strong></span> <span class='ocrx_word' id='word_1_264' title='bbox 619 3270 651 3326; x_wconf 89' lang='lat' dir='ltr'><strong>et</strong></span> <span class='ocrx_word' id='word_1_265' title='bbox 672 3266 836 3328; x_wconf 90' lang='lat' dir='ltr'><strong>brucorum</strong></span> <span class='ocrx_word' id='word_1_266' title='bbox 859 3267 956 3344; x_wconf 85' lang='lat' dir='ltr'><strong>eopia,</strong></span> <span class='ocrx_word' id='word_1_267' title='bbox 974 3264 1032 3326; x_wconf 92' lang='lat' dir='ltr'><strong>llu-</strong></span> 
     </span>
     <span class='ocr_line' id='line_1_39' title="bbox 87 3344 1028 3429; baseline 0.005 -25"><span class='ocrx_word' id='word_1_268' title='bbox 87 3345 447 3424; x_wconf 82' lang='lat' dir='ltr'><strong>tninumintumescentia</strong></span> <span class='ocrx_word' id='word_1_269' title='bbox 467 3354 499 3411; x_wconf 89' lang='lat' dir='ltr'><strong>el</strong></span> <span class='ocrx_word' id='word_1_270' title='bbox 523 3344 699 3429; x_wconf 53' lang='lat' dir='ltr'><strong>haffusmodi</strong></span> <span class='ocrx_word' id='word_1_271' title='bbox 720 3347 787 3414; x_wconf 84' lang='lat' dir='ltr'><strong>alia.</strong></span> <span class='ocrx_word' id='word_1_272' title='bbox 811 3345 890 3408; x_wconf 86' lang='lat' dir='ltr'><strong>llinc</strong></span> <span class='ocrx_word' id='word_1_273' title='bbox 915 3349 1028 3426; x_wconf 88' lang='lat' dir='ltr'><strong>optime</strong></span> 
     </span>
     <span class='ocr_line' id='line_1_40' title="bbox 88 3423 1032 3507; baseline 0.006 -25"><span class='ocrx_word' id='word_1_274' title='bbox 88 3423 193 3490; x_wconf 85' lang='lat' dir='ltr'><strong>lactum</strong></span> <span class='ocrx_word' id='word_1_275' title='bbox 213 3433 270 3496; x_wconf 90' lang='lat' dir='ltr'><strong>est,</strong></span> <span class='ocrx_word' id='word_1_276' title='bbox 287 3432 321 3487; x_wconf 92' lang='lat' dir='ltr'><strong>ut</strong></span> <span class='ocrx_word' id='word_1_277' title='bbox 335 3430 500 3507; x_wconf 77' lang='lat' dir='ltr'><strong>generatim</strong></span> <span class='ocrx_word' id='word_1_278' title='bbox 522 3428 633 3494; x_wconf 88' lang='lat' dir='ltr'><strong>adeas</strong></span> <span class='ocrx_word' id='word_1_279' title='bbox 647 3445 752 3490; x_wconf 90' lang='lat' dir='ltr'><strong>omnes</strong></span> <span class='ocrx_word' id='word_1_280' title='bbox 766 3429 983 3507; x_wconf 86' lang='lat' dir='ltr'><strong>propulsandas.</strong></span> <span class='ocrx_word' id='word_1_281' title='bbox 995 3432 1032 3490; x_wconf 86' lang='lat' dir='ltr'><strong>ri-</strong></span> 
     </span>
    </p>
   </div>
   <div class='ocr_carea' id='block_1_3' title="bbox 88 3507 1028 3657">
    <p class='ocr_par' dir='ltr' id='par_1_4' title="bbox 88 3507 1028 3657">
     <span class='ocr_line' id='line_1_41' title="bbox 88 3507 1028 3650; baseline 0.01 -82"><span class='ocrx_word' id='word_1_282' title='bbox 88 3510 142 3650; x_wconf 43' lang='lat' dir='ltr'><strong>tu}</strong></span> <span class='ocrx_word' id='word_1_283' title='bbox 151 3510 375 3594; x_wconf 84' lang='lat' dir='ltr'><strong>institueretur,</strong></span> <span class='ocrx_word' id='word_1_284' title='bbox 399 3511 476 3572; x_wconf 90' lang='lat' dir='ltr'><strong>idest</strong></span> <span class='ocrx_word' id='word_1_285' title='bbox 498 3507 648 3571; x_wconf 76' lang='lat' dir='ltr'><strong>Processio</strong></span> <span class='ocrx_word' id='word_1_286' title='bbox 670 3510 703 3572; x_wconf 86' lang='lat' dir='ltr'><strong>in</strong></span> <span class='ocrx_word' id='word_1_287' title='bbox 726 3528 910 3590; x_wconf 79' lang='lat' dir='ltr'><strong>quocumque</strong></span> <span class='ocrx_word' id='word_1_288' title='bbox 933 3512 1028 3577; x_wconf 78' lang='lat' dir='ltr'><strong>tridac-</strong></span> 
     </span>
     <span class='ocr_line' id='line_1_42' title="bbox 101 3608 245 3657; baseline 0.035 -11"><span class='ocrx_word' id='word_1_289' title='bbox 101 3608 119 3646; x_wconf 89' lang='lat' dir='ltr'><strong>o</strong></span> <span class='ocrx_word' id='word_1_290' title='bbox 142 3609 206 3650; x_wconf 75' lang='lat' dir='ltr'><strong>osc.</strong></span> <span class='ocrx_word' id='word_1_291' title='bbox 240 3650 245 3657; x_wconf 83' lang='grc'>,</span> 
     </span>
    </p>
   </div>
   <div class='ocr_carea' id='block_1_4' title="bbox 0 0 1288 4042">
    <p class='ocr_par' dir='ltr' id='par_1_5' title="bbox 0 0 1288 4042">
     <span class='ocr_line' id='line_1_43' title="bbox 0 0 1288 4042; baseline 0 0"><span class='ocrx_word' id='word_1_292' title='bbox 0 0 1288 4042; x_wconf 95' lang='lat' dir='ltr'><strong> </strong></span> 
     </span>
    </p>
   </div>
  </div>
 </body>
</html>
