2567 4042
624 183 841 255 militi&-

252 311 396 373 Ianuarii.
419 311 528 374 Contra
552 313 634 375 lures
656 322 686 375 et
707 317 837 375 latrones
869 321 998 389 gestatas
1020 315 1202 377 Sanctorum

251 393 405 472 Reliquias
426 396 515 456 docet
536 414 588 456 nos
610 397 780 459 Bernartius
801 396 967 456 Monachus
988 398 1017 456 in
1039 397 1205 459 Consuetu-

251 477 369 537 diuibus
401 479 464 537 suls
484 475 746 546 cluniacensibus,
769 478 842 556 Cap.
867 476 983 539 XXIV.
1006 476 1205 541 Consuevisse

251 557 350 636 Reges
372 556 555 621 Francorum
578 562 607 620 in
630 561 823 638 expeditione
845 578 949 621 secum
979 559 1057 621 serre
1080 560 1204 623 Sancto

251 660 321 701 rum
343 640 517 717 Reliquias,
540 641 777 718 Sacerdotesque
799 644 896 703 eidem
921 642 1037 704 muneri
1053 647 1204 723 mancipa-

251 729 297 783 tos
318 724 414 784 dictos
445 741 511 784 csse
541 722 755 805 cappellanus,
780 730 905 785 testatur
940 722 1072 802 Epistola
1105 724 1206 787 Caelo

251 808 351 865 manni
368 803 461 865 Ducis
471 803 655 867 Francorum
677 809 746 867 data
761 824 838 867 anno
851 806 969 865 Domini
982 805 1114 867 DCCLll
1129 827 1206 893 quae

250 889 397 964 descripta
428 887 558 948 habetur
585 890 617 947 in
637 888 856 965 Capitularibus
878 887 996 965 Regum
1018 884 1204 951 Francorum

249 969 316 1029 Lib.
341 968 355 1028 1
376 960 449 1046 Cap.
473 968 502 1029 11
523 988 591 1048 pag.
608 969 681 1030 att.
698 968 886 1049 Principibus
912 970 1047 1031 civitates
1068 973 1204 1034 obsiden-
1242 966 1244 973 ’

250 1053 341 1119 tibus,
359 1051 394 1110 ad
417 1068 523 1112 eorum
539 1053 654 1113 animos
668 1052 813 1113 sedandos
827 1069 986 1113 occursum
1007 1054 1051 1113 eis
1067 1072 1151 1114 cum‘
1163 1073 1207 1115 sa-

249 1135 309 1193 cris
330 1131 506 1194 Sanctorum
521 1131 678 1210 Reliquiis
702 1134 810 1195 docent
829 1152 883 1195 nos
899 1132 1051 1195 Ecclesiae
1072 1136 1202 1212 Scripto-

250 1233 309 1275 res.
333 1211 412 1274 Hinc
434 1216 639 1292 antiquissima
662 1216 903 1278 Christianorum
929 1222 975 1277 est
996 1218 1201 1284 cousuetudo,

210 1374 214 1379 ι
251 1303 285 1359 ut
304 1295 482 1358 Sanctorum
505 1297 674 1377 Imagines,
698 1297 910 1377 Reliquiasque
925 1299 964 1359 ob
980 1299 1113 1378 ingentia
1129 1299 1204 1362 lacta

249 1379 288 1439 ad
309 1380 388 1456 ipsas
409 1380 572 1446 miracula,
595 1398 630 1439 ac
652 1381 750 1441 varias
765 1381 966 1459 aegritudines
981 1381 1104 1444 illorum
1121 1400 1204 1459 prae-

250 1460 326 1527 sidio
347 1478 382 1520 ac
406 1462 571 1537 patrocinio
593 1462 744 1539 depulsas,
761 1463 898 1541 appensis
913 1463 1041 1523 donariis
1057 1465 1202 1526 ornarint.

249 1540 405 1615 Quantum
427 1562 498 1604 vero
519 1546 602 1620 ipsae
616 1544 771 1621 Reliquiae
787 1544 965 1605 Sanctorum
983 1546 1131 1609 adversus
1154 1548 1204 1607 im-

249 1630 355 1700 petum
378 1626 453 1702 ignis
468 1624 607 1697 valeant,
631 1632 757 1702 experta
771 1634 816 1688 est
832 1644 890 1687 non
905 1627 996 1687 semel
1020 1634 1124 1689 nostra
1139 1632 1205 1689 urbs
1261 1622 1262 1703 Ῑ

248 1705 397 1784 Neapolis,
414 1725 472 1785 ope
497 1707 613 1769 scilicet
635 1707 794 1787 Sanguinis
820 1708 920 1769 Sancti
941 1706 1076 1770 ianuarii
1098 1710 1205 1788 Marty·
1261 1718 1262 1743 ³

250 1788 315 1850 ris.
340 1790 432 1849 totius
454 1790 548 1867 Regni
570 1788 759 1867 Neapolitani
779 1790 910 1851 Patroni.

290 1869 329 1929 V.
353 1868 459 1931 Oratio
481 1874 609 1933 Domine
632 1872 710 1932 Deos
736 1869 929 1953 Omnipotens
950 1872 1082 1934 habetur
1100 1880 1164 1936 tum
1179 1876 1204 1933 in

253 1950 366 2013 Ordine
387 1954 511 2030 antiquo
532 1952 694 2019 Romano.
719 1959 784 2015 tum
807 1956 837 2013 in
860 1954 1064 2033 manuscripto
1087 1955 1204 2019 Pontifi-

248 2033 304 2094 cali
326 2032 468 2096 Gulielmi
489 2037 636 2098 Durandi.
661 2034 829 2097 Probantur
851 2057 888 2097 ex
911 2037 975 2113 ipsa
990 2040 1128 2101 oratione
1146 2040 1205 2116 piae

249 2133 404 2177 sacrarum
437 2116 644 2196 Reliquiarum
666 2120 895 2186 translationes,
920 2118 998 2196 quae
1021 2122 1049 2180 in
1074 2120 1203 2183 Ecclesia
1260 2140 1261 2147 ¹

248 2200 473 2277 antiquissimae
494 2209 573 2262 sunt.
592 2198 631 2258 Et
657 2219 690 2261 re
713 2200 835 2276 quidem
866 2218 939 2260 vera
967 2220 1060 2278 quum
1088 2204 1205 2265 Sancto

249 2298 316 2342 rum
339 2279 471 2357 Corpora
492 2282 638 2361 Stephani
659 2281 903 2363 Protomartyris,
917 2281 1102 2349 Gamaliclis.
1122 2282 1202 2345 Nico-

248 2362 340 2429 demi,
356 2370 388 2422 et
402 2361 555 2434 Abibonis,
573 2382 650 2441 quae
675 2365 726 2424 diu
749 2365 777 2422 in
800 2365 928 2425 obscuro
950 2382 985 2425 ac
1006 2366 1128 2428 sordido
1144 2367 1202 2427 loco

246 2444 418 2523 jacuerunt.
444 2445 575 2507 Lucieno
597 2446 775 2526 Presbytero
797 2447 940 2507 divinitus
961 2447 1137 2515 admonito,
1161 2450 1200 2508 in·

248 2532 337 2586 venta
359 2533 459 2587 essem
479 2543 573 2605 prope
588 2525 844 2606 Hierosolymam,
869 2527 900 2588 S.
919 2528 1063 2606 Stephani
1090 2530 1201 2608 Corpus
1259 2564 1260 2579 2

248 2624 355 2684 magna
378 2625 448 2667 curn
471 2627 580 2688 pompa
602 2611 734 2685 primum
763 2612 792 2669 in
815 2609 957 2671 Sanctam
987 2609 1151 2673 Ecclesiam
1173 2612 1203 2670 il·

249 2690 342 2749 latum
365 2697 421 2749 est.
446 2690 516 2765 Agit
536 2692 573 2752 dc
595 2692 651 2751 hac
673 2691 847 2755 Inventione
869 2691 1040 2753 Gennadius
1064 2695 1094 2753 in
1117 2695 1200 2754 Libro

249 2772 293 2832 m
320 2772 399 2831 Viris
418 2773 595 2839 illustribus,
619 2771 693 2848 Cap.
718 2771 829 2833 XLVI.
855 2770 887 2833 ln
911 2774 1128 2854 Martyrologio
1149 2778 1201 2836 ilo·

249 2870 338 2927 mano
360 2853 407 2914 die
429 2854 469 2913 27
491 2853 625 2915 Ianuarii
657 2854 690 2916 fit
721 2856 970 2916 commemoratio
1004 2858 1199 2919 translationis

246 2932 390 3013 Corporis
412 2934 443 2995 S.
467 2934 587 2998 Ioannis
609 2936 821 3003 Chrvsostorni
843 2938 880 3007 ad
896 2939 1049 2999 civitatem
1065 2939 1200 3001 Constan-

248 3018 487 3094 tinopolitanana.
510 3018 590 3079 Inter
612 3008 800 3097 antiquiores
822 3019 860 3081 de
883 3018 940 3081 hac
955 3021 1149 3083 translatione
1162 3022 1201 3081 lo·
1258 3046 1259 3083 2

248 3108 375 3175 quantes
396 3100 453 3178 legi
470 3106 595 3179 possunt
609 3101 760 3167 Socrates,
779 3100 870 3163 Libro
886 3102 1012 3180 septimo
1026 3100 1130 3179 Capite
1146 3100 1198 3169 istm

245 3180 466 3250 Theodoretus,
490 3180 557 3240 Lib.
580 3181 608 3240 V
630 3181 735 3260 Capite
758 3182 820 3255 363
845 3184 1034 3262 Nicephorus
1052 3183 1200 3246 Callistus.
1258 3192 1259 3243 t

248 3261 383 3323 Historia
405 3263 614 3324 Ecclesiastico
635 3263 703 3324 Lib.
721 3264 795 3325 XIV
818 3264 891 3343 Cap.
916 3264 967 3335 363
991 3272 1029 3327 et.
1044 3282 1082 3327 er
1104 3282 1199 3329 recen·

242 3344 376 3422 tioribus
397 3346 543 3406 Barouios
565 3346 601 3405 ad
625 3364 736 3406 annum
758 3344 818 3407 tce
841 3366 924 3409 num.
950 3346 977 3409 1.
1003 3345 1200 3415 lnEullade·

250 3425 406 3485 dicationis
433 3428 588 3487 Ecclesiae
610 3427 641 3487 S.
666 3428 815 3505 Remigii,
840 3437 874 3490 et
899 3428 1113 3491 Translationis
1137 3426 1200 3488 Cor-

250 3508 333 3583 poris
353 3505 512 3584 ejusdem,
536 3508 634 3570 iactae
661 3528 678 3569 a
702 3509 732 3569 S.
757 3510 856 3571 Leone
878 3509 957 3589 Papa
980 3510 1023 3571 tx
1051 3510 1128 3589 apud
1151 3510 1198 3569 ltr-
1257 3520 1258 3567 t

252 3588 371 3648 renium
396 3592 470 3649 tom.
494 3587 523 3661 ll
546 3589 859 3669 pag.818habeh1r,
877 3594 1125 3670 pretiosissimum
1140 3608 1199 3652 cor·
1257 3592 1258 3607 ¹
