2567 4042
611 206 672 268 eum
697 196 836 264 lllbtdseo

626 392 830 465 Cnedt'll‘.

255 590 298 632 ult
321 587 466 632 eubuleus
489 588 530 630 Ab
553 585 781 630 aursttssnms
795 585 1041 638 Tssmrnstnt‘ttS,
1065 585 1106 626 ult
1126 583 1191 626 l'llll·

296 670 380 713 elpes
402 669 549 712 Tamais
565 667 722 712 absumar:
744 667 784 710 ET
807 666 923 717 bellis,
939 669 980 710 ml
996 663 1194 710 Paocesslon't

297 751 446 796 Tenebat
461 749 697 792 nonninus
712 749 752 791 ΕΤ
767 749 883 802 PESTlS,
902 749 944 792 bu
965 746 1112 793 PRECle'S
1126 745 1195 788 TElll·

297 833 380 876 rond
402 831 518 880 pseu
541 833 581 874 ΕΤ
603 832 644 874 DE
668 829 875 874 enocESSlortE
890 829 922 872 ln
938 829 1125 882 obtemptu
1139 827 1195 868 'llll-

298 914 489 958 euoenon.

300 1060 324 1120 l
348 1059 451 1132 Quum
479 1065 561 1118 tanta
593 1075 686 1120 verno
718 1059 918 1134 praesertim,
942 1059 1115 1134 aestivoque
1135 1062 1199 1116 tem-

258 1159 330 1219 pore
352 1141 448 1200 soleat
467 1155 533 1202 esse
554 1142 600 1202 nis
622 1147 855 1216 tempestatum,
888 1145 922 1200 ut
946 1157 1003 1201 non
1031 1139 1118 1200 modo
1139 1140 1198 1196 ster·

258 1228 310 1284 nat
330 1241 439 1300 agros,
462 1226 578 1283 sternat
598 1229 662 1283 sata
683 1223 782 1293 laeta,
807 1223 977 1298 bonumque
992 1222 1133 1285 labores,
1145 1216 1198 1278 sed

229 1302 231 1307 ’
258 1309 290 1366 et
310 1305 443 1364 domos
435 1322 538 1381 ipsas,
560 1321 729 1381 earumque
751 1305 955 1372 habitatores,
981 1305 1089 1364 merito
1111 1298 1249 1360 Eccle-

258 1388 301 1447 sia
323 1387 422 1448 varias
444 1403 548 1463 preses
569 1386 678 1448 adeas
705 1387 881 1454 avertendas
904 1385 1030 1448 instituit
1051 1383 1199 1446 ordinauit-

257 1486 330 1544 que.
357 1467 457 1527 Variis
479 1467 640 1544 precibus,
664 1468 820 1545 modisque
848 1467 994 1544 religiosis
1019 1465 1198 1528 consuevisse

258 1553 444 1628 Episcopus,
467 1554 643 1626 sanctosque
671 1549 809 1610 homines
831 1554 1024 1628 tempestates
1046 1548 1199 1614 cohibere,
1250 1612 1251 1617 η

259 1629 427 1709 Scriptores
447 1630 578 1692 vitarum
601 1633 735 1709 ipsorum
757 1633 868 1710 passim
890 1643 947 1691 nos
957 1631 1076 1693 docent·
1093 1629 1201 1690 Oratio-

260 1733 334 1774 nnm
355 1711 486 1773 formula
505 1711 567 1790 jam
589 1731 648 1773 non
670 1729 727 1774 una
750 1715 796 1774 usi
818 1720 887 1776 sunt
908 1715 1001 1774 sancti
1016 1713 1153 1780 homines
1172 1712 1202 1769 ad

262 1799 456 1873 tempestates
472 1795 667 1874 repellendas.
681 1794 816 1872 Longum
833 1802 911 1856 esset
925 1796 1091 1873 peculiares
1106 1809 1201 1871 preces
1250 1857 1251 1860 Ἴ

264 1879 323 1938 hoc
345 1879 410 1937 loco
433 1878 557 1945 relerre,
571 1877 679 1954 quibus
693 1875 793 1938 Sancti
808 1894 843 1937 ea
858 1878 1043 1952 tempestatis
1059 1875 1202 1936 occasione
1250 1901 1251 1912 r

263 1962 309 2021 osi
332 1964 410 2020 sunt.
434 1957 562 2020 Multum
582 1959 683 2019 valere
710 1960 887 2030 orationem,
905 1961 1022 2036 signum
1044 1957 1157 2025 Crucis,
1173 1973 1201 2016 ae

262 2043 504 2104 intercessionem
527 2039 685 2119 Dciparae,
703 2040 738 2100 ad
761 2045 954 2118 tempestates
976 2039 1201 2118 depellendas,a
1248 2091 1249 2094 ,

259 2125 382 2187 ¹nemine
403 2124 433 2182 in
446 2123 571 2185 dubiam
586 2124 721 2184 revocari
737 2127 844 2198 potest.
868 2121 1004 2198 Longum
1026 2127 1105 2182 esset
1128 2121 1201 2179 varia
1246 2149 1249 2175 r

263 2225 301 2268 ea
322 2204 529 2266 Ecclesiastico
554 2204 687 2265 Historia
715 2202 850 2280 Vitisque
872 2203 1052 2264 Sanctorum
1074 2201 1201 2280 exempla
1248 2256 1249 2262 ,

262 2290 388 2357 reterre,
405 2287 513 2364 quibus
527 2287 684 2357 docemur,
701 2286 832 2346 candelis
847 2291 921 2346 stata
936 2283 1090 2346 Ecclesiae
1110 2301 1202 2344 caere·
1248 2275 1249 2305 ¹

263 2369 372 2435 monia,
383 2368 565 2445 peculiarive
581 2367 758 2428 Sanctorum
774 2385 863 2444 prece
885 2367 1062 2434 benedictis,
1079 2366 1142 2426 sive
1163 2383 1201 2425 ue·
1248 2377 1250 2432 ζ

263 2453 323 2513 reis
337 2451 429 2527 Agnis
445 2451 501 2510 rite
522 2467 540 2508 a
562 2448 686 2509 Summo
701 2446 836 2510 Romano
857 2449 1000 2510 Pontifice
1022 2447 1200 2512 benedictis,

262 2535 312 2594 ael
327 2532 504 2592 Sanctorum
518 2530 672 2606 Reliquiis,
691 2531 808 2592 sedatas
824 2531 1000 2608 plerumque
1016 2535 1201 2607 tempestates

264 2614 366 2675 luisse.
384 2611 442 2674 Sed
456 2630 513 2671 uon
529 2612 709 2673 omittendus
724 2616 771 2672 est
785 2613 925 2689 antiquus
940 2611 1108 2674 Exorcismi
1123 2625 1197 2678 usus,

260 2713 322 2774 qna
338 2694 424 2756 olim
431 2691 571 2770 Episcopi
585 2700 624 2755 et
631 2693 808 2756 Sacerdotes
823 2697 1043 2771 tempestates'
1032 2713 1116 2772 ipsas
1131 2711 1200 2752 com-

259 2794 384 2856 pescere
406 2781 637 2837 consueverunt.
652 2776 695 2836 De
719 2776 779 2836 ritu
801 2780 863 2845 est,
888 2780 920 2836 ut
942 2779 1077 2853 tempore
1098 2781 1201 2852 tempe·

261 2861 347 2922 statis
367 2858 523 2936 pulsentur
543 2856 738 2934 Campanae,
761 2859 831 2933 quia
858 2857 972 2918 ratione
1001 2856 1201 2918 benedictionis
1248 2931 1249 2938 ἵ

259 2942 321 3021 ,illis
356 2941 501 3017 elargitae
533 2939 677 3000 virtutem
710 2939 821 2999 habent
852 2937 972 2998 sedandi
1005 2943 1198 3016 tempestates.

262 3024 454 3100 Quamquam
468 3039 540 3083 vero
561 3020 599 3080 ad
621 3021 807 3098 repellendas
821 3026 1012 3097 tempestates
1027 3021 1200 3084 adhibendae

259 3106 322 3170 sint
342 3122 459 3182 preces,
483 3120 558 3180 quas
579 3102 754 3180 praescribit
774 3101 908 3172 Rituale,
924 3103 1089 3162 servandae
1111 3102 1200 3163 nihilo-

263 3186 361 3246 minus
382 3189 408 3246 si
430 3203 509 3262 quae
529 3184 589 3244 sint
607 3185 682 3246 aliae
698 3184 839 3260 probatae
854 3183 990 3245 locorum
1003 3192 1075 3248 suut
1088 3199 1200 3246 cousue-

260 3268 393 3340 tudines.
416 3267 548 3328 Litaniae
569 3271 601 3326 et
620 3271 738 3326 ceterae
753 3283 857 3343 preces
881 3265 1092 3343 orationesque
1114 3267 1198 3326 diceu-

261 3350 318 3411 dae
340 3348 467 3410 suntad
499 3349 598 3427 ipsum
620 3346 735 3408 Altare.
764 3346 917 3408 Recitator
939 3345 1077 3410 Psalmus
1108 3343 1198 3410 huda

260 3428 425 3492 Jerusalem
445 3435 503 3491 etc.
528 3431 559 3489 iu
580 3447 641 3504 quo
662 3427 773 3488 mentio
796 3428 829 3488 lit
852 3428 1071 3502 benedictionis
1094 3428 1196 3507 Adipis

263 3511 429 3577 Frumenti,
451 3510 553 3581 Nivis,
578 3508 731 3576 Nebulae,
756 3507 910 3590 Frigoris,
934 3508 1050 3586 Aquae.
1074 3511 1197 3573 Praeter·

262 3611 300 3654 ea
329 3593 385 3654 iste
413 3591 550 3654 Psalmus
569 3593 680 3654 excitat
706 3591 807 3654 fideles
838 3591 875 3652 ad
896 3591 1001 3677 Deum,
1025 3593 1194 3654 landarum
