2567 4042
611 192 836 263 mtrem·

244 330 294 385 cet
323 324 388 400 ipso
408 322 559 382 Interdicti
583 325 720 399 ternpore
751 318 972 397 Campanarurn
1000 322 1189 417 pulsationem
1263 307 1264 339 ³

243 424 302 465 non
309 405 479 483 prohiberi
501 420 611 472 mane,
636 403 779 469 meridie,
796 409 827 462 et
842 420 989 480 vespere,
1007 409 1040 462 ut
1055 404 1190 462 nimirum

243 486 346 549 lideles
368 486 574 547 beatissimam
597 447 727 545 blariarn
749 483 904 561 Virginem
926 482 1087 561 Angelicae
1116 484 1193 545 Sclu-
1265 532 1266 539 ,

243 570 365 630 tationis
388 568 560 629 recitatione
583 572 775 627 venerentur.
793 566 926 644 Tempus
940 565 1069 627 alterum
1085 572 1132 628 est
1145 566 1192 625 tri·
1261 584 1266 641 ι

237 652 340 713 'duum
362 650 482 728 majoris
502 648 742 719 Hebdomadas,
766 648 884 723 qtrando
917 648 1107 713 celebrantur
1131 646 1192 724 bip·

243 736 333 794 steria
346 731 497 793 Passionis
512 736 543 791 et
554 731 660 791 Mortis
677 729 840 791 salvatoris
856 732 958 791 nostri.
975 730 1092 791 Earum
1106 746 1192 790 sonus
1261 730 1266 765 ¹

243 816 445 876 communiter
466 819 512 873 est
537 814 655 891 signum
672 813 812 878 laetitiae,
836 814 969 889 adeoque
994 814 1071 874 bene
1097 812 1192 889 probi
1265 846 1266 867 ι

243 898 386 958 betureo
408 902 543 972 tempore
564 912 625 971 qno
648 892 782 955 Ecclesia
805 899 850 954 est
882 896 912 955 in
939 896 1032 955 lustu·
1055 900 1087 955 et
1116 912 1194 957 mne·
1265 912 1266 949 ι

243 995 312 1039 rore
333 979 371 1037 ob
392 977 464 1046 lesu
485 976 596 1037 Christi
613 982 754 1037 mortem.
767 972 933 1037 Praeterea
943 976 1095 1037 silentium
1110 976 1193 1037 Cam·
1265 998 1266 1013 ³

242 1078 389 1137 panarum
411 1078 448 1120 ec
470 1063 604 1136 ternpore
627 1060 753 1135 mystice
775 1056 911 1133 designat
943 1058 1095 1119 silentium
1118 1057 1193 1135 Apo-
1265 1078 1266 1114 t

244 1143 413 1205 stolorum,
437 1141 489 1218 qni
510 1145 583 1199 tude
605 1156 623 1198 a
644 1138 716 1199 Jesu
745 1138 864 1202 Christi
889 1140 1113 1216 praedicatione
1134 1156 1194 1199 oes-

243 1228 357 1283 sarnnt.
375 1220 489 1283 Eadem
511 1220 612 1281 etalii
641 1222 770 1289 docent,
796 1222 971 1299 praesertim
992 1238 1065 1280 vero
1086 1221 1194 1281 Guliel-

243 1322 310 1365 mus
333 1303 493 1365 Durandus
515 1304 566 1379 qui
588 1301 680 1371 Libro
695 1304 738 1365 Vl
759 1305 804 1363 sni
826 1302 998 1363 Rationalis
1014 1304 1194 1363 mutuorum
1265 1324 1266 1359 i

246 1384 274 1446 0
301 1383 429 1453 ciorum,
452 1384 556 1463 Capite
579 1382 724 1456 LXXII,
748 1386 846 1446 varies
867 1386 967 1445 eade
1000 1402 1032 1445 re
1056 1387 1193 1464 mysticas
1265 1419 1266 1423 =

241 1486 258 1527 a
284 1474 331 1528 ert
352 1470 494 1528 rationes.
518 1465 683 1542 Ducange,
708 1471 739 1527 et
760 1468 925 1543 Bocquillot
952 1465 1132 1543 hujusmodi
1153 1484 1194 1525 so·
1265 1489 1266 1525 1

242 1552 338 1610 nilum
360 1568 414 1626 per
435 1567 486 1609 eos
507 1548 688 1609 dies¹omitti
712 1554 858 1609 testantur
879 1548 1008 1627 ejusque
1029 1548 1096 1609 loco
1121 1554 1193 1609 stre

241 1633 336 1709 pitum
358 1632 518 1708 quemdam
544 1630 691 1707 lignorum
708 1630 875 1709 subrogari,
892 1634 927 1689 ut
946 1628 1119 1707 primorum
1135 1648 1194 1691 sae

241 1712 379 1772 culonrm
401 1716 478 1791 apud
493 1718 637 1790 posteros
659 1713 804 1772 memoria
837 1716 1058 1779 conservetur,
1084 1712 1193 1787 quibus

240 1794 344 1854 fideles
367 1814 424 1855 non
448 1795 509 1855 ullo
531 1794 749 1863 tintinnabulo,
767 1794 824 1855 'sed
845 1793 952 1855 iisdem
974 1792 1059 1869 lignis
1082 1794 1192 1853 obstre-
1265 1816 1266 1851 l

242 1876 381 1955 pentibus
403 1877 439 1935 ed
462 1874 566 1933 Divina
583 1875 687 1935 Officia
718 1876 858 1936 accersiri
881 1882 1124 1935 consueverunt:
1150 1876 1193 1935 cui
1265 1912 1266 1935 ;

241 1958 333 2017 etiam
355 1959 518 2019 sententiae
550 1974 717 2035 congruere
744 1959 863 2029 videtur
885 1956 1089 2017 Amalarius·'
1080 1974 1114 2018 nr
1138 1975 1193 2021 suo
1265 1979 1266 1991 ι

241 2038 344 2099 Libro:
363 2039 407 2099 Dc
420 2036 541 2099 Dabanas
557 2036 679 2121 Officiis.
698 2038 867 2118 Campanae
889 2038 919 2097 in
942 2038 1071 2100 Sabbeto
1084 2036 1193 2117 Salisio
1265 2074 1266 2077 =

239 2139 299 2181 non
321 2124 472 2199 possunt
464 2142 493 2180 rn
516 2119 910 2199 aliquaEeclesiapulsari.
927 2127 1090 2196 antequam
1106 2108 1193 2191 Cam-
1256 2139 1266 2153 ‘¹

239 2222 316 2299 pana
331 2202 481 2263 Ecclesiae
496 2200 683 2263 Cethedralis
698 2206 746 2264 vel
762 2202 894 2263 lllatricis
909 2203 1066 2280 pulsetur:
1085 2201 1149 2266 Len
1163 2200 1193 2261 X
1265 2226 1266 2260 ι

195 2353 201 2362 ,
239 2286 270 2345 in
292 2285 405 2345 Bulla
397 2286 489 2362 rncip.
513 2284 594 2343 llum
614 2284 701 2345 entra
723 2292 742 2357 δ
766 2284 814 2345 12.
1265 2312 1266 2328 ι

257 2365 320 2426 ·V;
342 2365 447 2439 Quoad
472 2367 562 2425 ritum
584 2366 777 2427 benedicendi
803 2366 988 2443 Campanas,
1013 2365 1121 2425 scribit
1138 2366 1191 2425 na-
1265 2416 1266 2422 ,

239 2448 343 2509 ronins
364 2467 380 2508 a
402 2447 514 2507 Joanne
527 2445 603 2506 Xlll
624 2449 751 2508 traxisse
766 2448 921 2525 originem.
940 2445 973 2505 ln
990 2447 1047 2507 boc
1070 2448 1189 2507 ridetur
1265 2480 1266 2484 =

238 2530 360 2605 quidem
381 2548 508 2607 magnus
531 2546 636 2606 parens
658 2528 817 2589 Annalium
847 2529 926 2597 labi,
957 2547 1027 2591 cum
1061 2548 1133 2593 eum
1157 2530 1194 2587 ri·
1265 2534 1266 2587 i

239 2615 305 2671 turn
326 2612 421 2671 mrrlto
451 2611 640 2686 antiquorem
662 2630 727 2672 esse
754 2630 792 2671 ex
814 2608 979 2671 Ritunlibus
1000 2610 1101 2671 Libris
1125 2614 1192 2672 ante
1265 2624 1266 2669 t

238 2701 438 2754 memoratum
460 2688 633 2753 Pontificem
656 2693 831 2769 conscriptis
863 2697 1005 2764 constet3
1032 2694 1061 2751 in
1084 2692 1193 2769 quibus
1265 2698 1266 2703 ’

236 2773 365 2852 formula
388 2773 582 2836 benedicendi
614 2779 660 2833 et
668 2775 795 2853 ungendi
816 2772 983 2852 companas
1016 2777 1190 2851 reperitur,
1263 2806 1264 2809 =

237 2854 296 2917 boc
318 2856 450 2933 praefixo
465 2856 574 2917 titulo:
592 2856 681 2916 Atat
655 2876 772 2935 eapncm
787 2854 932 2915 Ecclesiae
942 2855 1189 2923 benedicendum,

238 2943 271 2999 nt
291 2939 428 2999 eruditus
450 2939 581 3013 Angelus
610 2938 707 2999 llocca
729 2938 899 3007 observat
891 2954 921 2997 m
942 2935 1188 3001 Commentario,

236 3020 280 3081 te
305 3020 466 3100 Componis
486 3018 590 3096 Capite
613 3022 737 3096 quinto,
761 3036 852 3097 quem
875 3016 982 3081 deinde
1005 3022 1100 3083 secuti
1122 3023 1192 3079 eunt

236 3099 366 3162 loannes
388 3103 469 3163 Bnna
491 3102 677 3173 Cardinalis‚
702 3101 858 3167 Martene,
875 3100 1005 3178 Papius,
1029 3100 1191 3164 etalilre·

235 3166 386 3245 eentiores
407 3184 485 3244 docti
499 3184 678 3261 Scriptores.
697 3183 809 3245 Certe
801 3193 831 3243 ιιι
846 3182 1068 3260 Capitulnribns
1087 3180 1188 3253 Caroli

236 3264 355 3342 Magni,
379 3266 468 3326 editis
489 3266 625 3326 ducentis
648 3266 712 3326 iere
733 3266 817 3325 annis
839 3271 908 3325 ente
928 3263 1082 3328 laudatum
1095 3264 1189 3335 leen-

237 3364 307 3406 nem
328 3345 515 3416 Pontificem,
538 3346 575 3407 de
596 3348 805 3408 Benedictione
827 3346 1045 3424 Campanarnm
1068 3346 1188 3410 deser·

116 3465 118 3468 ψ
215 3446 300 3500 'mo
322 3427 445 3488 Constat
465 3428 644 3489 reroenS.
662 3428 921 3498 CaroliDecretis‚
945 3428 982 3487 ad
1004 3426 1188 3523 Episcopum

237 3512 375 3582 spectare
395 3508 615 3586 Campanorum
648 3511 880 3571 benedictionem
903 3508 983 3587 qnod
1014 3514 1045 3569 et
1076 3510 1189 3587 passim

240 3585 385 3649 Doctores
406 3590 525 3661 docent,
549 3596 580 3654 et
601 3594 724 3669 antiqua
746 3594 884 3672 exemplu
898 3588 1090 3661 confirmant,
1108 3609 1188 3668 qnae
