2567 4042
390 201 392 204 ’
589 222 649 285 ssu
670 210 710 273 88
731 219 791 280 ss·
903 190 905 195 ¹

220 360 278 420 que
300 332 696 422 instmmentum'rtcolytho
717 340 905 419 degradando
926 305 1092 401 adiciaturss'
1107 337 1172 399 Uti-

223 432 272 486 tur
292 430 403 487 autcrn
416 424 582 505 Episcopus
603 427 633 483 in
656 424 866 502 degradatione
888 422 1109 500 Acol'ythorum
1130 423 1172 483 iis
1266 486 1267 493 ,

222 508 334 570 verbis:
357 507 488 568 Dimitte.
492 506 671 588 perferendi
686 506 799 567 visibile
815 507 916 567 lumen
939 502 1169 587 appellemusid
1266 514 1267 519 ’

217 591 363 671 praebere
376 590 531 670 spirituale
552 591 685 651 moribus
700 588 869 667 neglexisti,
885 584 982 665 etque
994 589 1171 647 universum

222 671 416 751 Aeolptlotus
437 666 564 754 efficiam
590 673 638 731 tic
661 662 781 748 dcpooc'.
805 667 916 729 Extant
947 668 1023 729 haec
1045 667 1167 745 quidem

220 754 369 815 formulae
389 753 609 831 degradationis
629 753 668 814 ab
690 750 802 811 Ordine
817 749 1027 829 Aeolpthatus,
1046 752 1123 810 sicut
1138 758 1170 813 et

220 836 309 905 aliae,
326 837 356 896 in
378 835 466 897 editis
486 835 628 896 Romanis
642 832 864 896 Pantilicalibus
885 834 975 893 etiarn
998 832 1084 909 longe
1098 838 1174 893 ante

221 917 407 978 Clementem
414 917 503 979 vlit.
521 916 555 978 ln
569 915 800 978 Exoraistarum
816 913 1027 994 degradatione
1043 914 1169 975 Librum

219 996 480 1075 Exercismo'rums
489 1000 603 1061 eisdem
625 999 726 1060 aufert
735 998 901 1077 Episcopus
915 997 971 1057 sub
992 998 1049 1059 hae
1064 997 1170 1057 verbo·

220 1099 289 1141 rum
305 1080 432 1142 formula
447 1083 476 1141 ln
492 1087 594 1142 nostro
607 1078 772 1143 Pontificali
788 1080 948 1155 descripta:
967 1076 1125 1139 Priccmas
1141 1087 1176 1138 te

216 1171 360 1242 potestate¹
371 1158 546 1242 imponendi
558 1182 682 1224 monum
704 1180 791 1241 saper
802 1160 1034 1241 Eoerpumcrua
1052 1170 1078 1221 ct
1094 1160 1169 1220 Dae·

220 1263 322 1305 mones
344 1245 379 1304 dc
394 1245 515 1327 obsessis-
526 1246 699 1324 corporibus
713 1242 886 1326 expellendi,
903 1246 984 1303 onst
1004 1244 1057 1305 cios·
1072 1238 1171 1303 Esou

221 1328 342 1388 cistatus
364 1325 456 1410 officio
471 1325 644 1389 interdicto.
661 1325 804 1389 Ceterum
826 1344 895 1385 eum
914 1343 951 1385 ex
965 1324 1100 1385 Romano
1115 1324 1171 1385 ho·

220 1405 324 1471 dierno
345 1407 522 1481 pontificali,
539 1410 597 1469 uhi
612 1406 787 1470 Exoreistae
810 1408 995 1478 ordinantur,
1019 1405 1096 1466 tradi
1113 1408 1172 1467 eis·

220 1491 289 1552 dem
310 1493 414 1567 possit,
438 1493 505 1552 loco
526 1490 608 1551 Libri
630 1489 892 1558 Exoreisrnornm‚
905 1488 997 1551 Liber
1011 1486 1178 1549 Pontifica-

220 1572 279 1639 lis‚
302 1591 357 1633 seu
377 1572 526 1641 Missalis,
550 1591 609 1633 non
623 1584 679 1634 ⁴est
699 1572 950 1641 addubitandum,
974 1588 1061 1649 posse
1084 1576 1114 1631 et
1139 1573 1171 1632 in

108 1719 110 1722 ,
220 1654 356 1731 ipsorum
378 1652 606 1716 Exorcistarum
626 1655 839 1734 degradatione
852 1694 867 1721 ,-
883 1646 1088 1721 Pontificum,
1111 1671 1174 1715 seu

219 1734 349 1797 Missalis
370 1733 638 1809 Librosfadhiberi.
655 1736 819 1797 Lectorum
841 1735 973 1798 cilicium
988 1738 1033 1795 est
1047 1734 1172 1813 quidem

220 1836 262 1879 ex*
279 1815 415 1882 Romano
432 1816 609 1889 ¹Pontificali,
634 1821 726 1897 legere
749 1820 787 1891 cc',
813 1817 866 1899 qul
883 1816 1057 1899 praedicat,
1081 1824 1109 1877 et
1134 1818 1172 1895 le

222 1902 332 1960 clionee
352 1904 488 1961 contere,
508 1898 575 1960 Hoc
598 1900 750 1973 munere„
775 1900 854 1979 quod
876 1897 1005 1961 fideliter
1030 1894 1094 1959 non¹
1112 1899 1179 1960 im·
1268 1906 1269 1909 ’

220 1982 360 2058 pleverit,
384 1979 609 2059 degradandum
630 1980 790 2045 Lectorem
813 1984 913 2060 privat
926 1978 1102 2059 Episcopus,
1120 2000 1172 2043 au·
1268 2004 1269 2025 ³

220 2063 321 2126 ferens
341 2063 450 2125 eidem'
461 2084 583 2128 sacrum
599 2064 752 2134 Codicum,
770 2067 821 2141 qui
832 2083 879 2131 ¹eu
901 2064 1000 2141 prisco
1014 2062 1179 2131 Ecclesiae
1268 2072 1269 2107 l

221 2147 282 2207 ritu
304 2146 467 2228 ordinando
483 2149 520 2224 ⁴in
532 2146 692 2228 Lectorem
708 2147 785 2208 tradi
799 2148 888 2208 solet.
905 2146 945 2207 ¹ln
960 2140 1173 2222 degradatiome
1191 2190 1193 2195 -
1268 2135 1269 2189 ἶ

220 2227 410 2295 Ostiariatus,
428 2240 504 2308 unus
525 2228 725 2289 exMinistris
746 2227 839 2289 tradit
853 2224 1042 2305 degradando
1063 2226 1093 2285 in
1109 2244 1174 2286 ma·

221 2328 276 2370 nus
297 2310 397 2370 clares
417 2306 581 2382 Ecclesiae,
606 2328 680 2387 quas
701 2311 868 2391 Episcopus
893 2306 1071 2391 degradator
1093 2306 1177 2370 toltit·

219 2392 257 2453 de
269 2393 415 2451 *manibus
437 2392 527 2465 illius,
545 2393 657 2453 dicens:
678 2390 760 2467 Quia
781 2391 815 2449 c'u
832 2391 963 2453 clavibus
978 2390 1096 2458 errasti,
1113 2392 1175 2451 clu
1268 2400 1269 2408 ’

221 2492 268 2535 oss
291 2472 410 2533 dimitte
431 2475 490 2547 etc,
509 2473 592 2535 'Cum
613 2480 738 2544 autem,
763 2474 814 2534 ubi
838 2473 946 2535 Clerici
975 2474 1072 2551 prima
1093 2470 1173 2533 Tou·
1268 2497 1269 2507 ¹

223 2572 294 2616 sura
315 2552 482 2624 initiantur,
498 2557 543 2634 ‘ab
562 2554 712 2635 Episcopo
735 2554 960 2632 superpelliceo
977 2552 1146 2615 'induantur
1163 2596 1177 2623 ,.
1268 2565 1269 2589 ³

192 2633 194 2637 ⁴
223 2654 282 2713 quo
305 2634 510 2713 significatur,
536 2640 616 2713 ipsos
638 2636 782 2699 secularis
806 2638 926 2697 habitus
948 2636 1171 2715 expoliatione,

222 2724 255 2779 et
276 2735 378 2778 sacrae
395 2716 560 2797 'Religionis
585 2717 695 2781 ‚habitu
718 2726 870 2797 assumpto
887 2764 894 2787 ,
914 2722 1012 2779 'noros
1033 2719 1179 2778 homines-
1268 2748 1269 2783 t

221 2818 287 2861 esse
309 2798 448 2877 oportere
473 2799 658 2883 ¹(candorem
680 2802 760 2861 enirn
788 2818 908 2863 morum
929 2802 1073 2878 vitaeque
1088 2799 1187 2861 inte?

222 2882 359 2960 gritatem
382 2881 633 2963 superpelliceum
655 2879 810 2963 designat),
832 2880 900 2959 jure
922 2900 957 2943 ae
973 2885 1177 2943 merito‘cunr

223 2965 279 3042 ipsi
302 2963 410 3035 Clerici
432 2965 470 3024 ob
491 2983 544 3025 sua
567 2964 700 3027 lacinora
721 2965 932 3041 degradantur,
949 2965 1097 3041 praedicta
1122 2980 1181 3024 ve·

224 3052 270 3108 ste
291 3043 490 3125 expoliantur
513 3047 698 3118 Praeterea,
725 3048 801 3107 sicut
822 3048 841 3105 ii
863 3049 913 3123 qui
942 3047 970 3105 in
993 3044 1173 3124 Clerieatum

224 3128 455 3197 adsciscuntur,
481 3128 701 3194 Beneficiorum
731 3124 1010 3189 Ecclesiastieorum
1046 3144 1178 3205 capaces*

193 3215 198 3227 “
222 3207 296 3272 siunt
316 3220 347 3272 et
367 3210 523 3282 Clericalia
544 3212 701 3290 privilegia
723 3211 899 3282 sortiuntur,
914 3210 964 3271 ita
989 3210 1098 3278 etiam,
1121 3207 1178 3269 nbi'

226 3310 244 3350 a
265 3289 416 3353 Clericatu
437 3292 649 3370 degradantur,
666 3291 833 3371 pritatione
855 3295 988 3371 ipsorum
1004 3291 1180 3369 privilegio»

227 3390 296 3433 rurn
319 3375 498 3452 puniuntur.⁴
517 3372 704 3452 Degradandi
727 3379 818 3453 caput
850 3392 906 3435 uon
928 3371 1027 3451 modo
1049 3372 1180 3448 tondeo-'-

220 3454 320 3521 dum,
343 3455 394 3516 sed
428 3457 519 3522 etiarn
543 3457 734 3534 radendum,
761 3456 883 3521 mandat
905 3453 1076 3517 Bonilacius
1097 3452 1178 3536 vlit

218 3536 252 3599 in
272 3534 345 3616 cap.
369 3536 400 3600 ΙΙ
421 3536 455 3597 de
472 3540 575 3617 poeula
594 3540 625 3600 in
650 3538 726 3609 Vl.¹
982 3538 984 3542 ’
