2567 4042
456 176 682 247 ⁹¹thssss

95 280 202 367 auctor
215 303 356 365 habetur.
384 300 540 382 Hymnum
564 306 626 382 ipse
641 311 710 367 ante
724 305 857 366 Psalmos
876 307 968 384 ponit,
991 292 1042 367 sed

95 388 126 449 S.
143 386 313 449 Caesarius,
330 396 362 445 et
375 384 406 444 S.
424 384 604 447 Aurelianus
619 396 686 466 post
700 387 832 448 Psalmos
847 391 991 450 statuunt.
1010 392 1043 448 ut

95 488 148 530 nos
163 469 200 528 ad
215 466 450 545 completorium
467 470 609 529 solemus.
626 467 732 541 Quoad
746 469 903 531 Lectiones
918 473 1041 545 spectat,

96 551 196 612 nullae
211 558 298 612 erant
312 549 390 625 apud
406 547 569 611 Monachus
584 550 715 612 Orientis
730 572 737 610 :
761 552 794 612 ln
816 551 976 612 Occidente
991 569 1043 611 re·

94 653 129 694 ro
151 632 182 693 S.
206 633 400 702 Benedictus,
421 629 451 690 S.
468 630 649 701 Caesarius,
671 633 701 694 S.
726 633 906 695 Aurelianus
927 635 1044 694 unicam

94 716 318 793 praescribuut;
330 710 361 773 S.
372 713 517 784 Isidorus,
530 713 682 792 etllegula
694 715 829 793 Magistri
841 716 925 781 duas,
939 734 1041 779 unam.

95 798 261 867 exVeteri3
273 816 312 859 ex
326 794 412 857 Novo
426 794 617 857 Testamcuto
633 798 776 870 alteram3
790 798 838 859 vel
854 814 891 858 ex
906 795 936 855 S.
951 796 1044 857 Paulo

94 898 197 945 unam,
220 877 346 939 alteram
362 895 400 938 ex
415 876 590 956 Evangelio.
608 877 641 937 ln
657 879 971 953 pluribusOrdinariis
987 880 1043 939 mi·

94 979 182 1021 nores
205 961 299 1021 horae
321 960 554 1021 absolvebantur
575 978 629 1037 per
650 958 744 1040 Kyrie
767 963 897 1026 cleison.
921 959 1041 1031 Preces,

94 1041 198 1114 Peter,
223 1053 249 1102 et
263 1042 416 1104 Miserere.
430 1042 462 1102 lu
477 1042 814 1121 quibusdamllcclesiis
836 1043 917 1104 iestis
938 1043 1043 1104 diebus

94 1123 197 1183 Tertia
218 1126 333 1185 canitur
354 1124 553 1193 solemniter,
580 1125 610 1182 in
631 1124 697 1184 aliis
718 1143 791 1187 vero
812 1124 846 1186 lit
867 1125 1040 1184 incensatio.

137 1205 193 1269 lll.
217 1204 314 1267 Festis
335 1206 440 1266 diebus
463 1208 492 1264 in
513 1205 624 1276 Prima,
648 1205 760 1276 Tertia,
783 1206 887 1275 Sexta,
906 1205 1042 1276 ctNona,

94 1287 252 1349 duodecim
275 1289 409 1348 canimus
429 1288 563 1361 Psalmos
584 1306 640 1366 pro
661 1306 787 1349 numero
814 1289 970 1353 duodecim
988 1288 1042 1348 ho·

93 1386 198 1431 rarum
214 1370 284 1437 diei,
299 1376 333 1431 ut
343 1368 406 1429 lleo
417 1375 588 1447 praesentes
601 1371 695 1430 simus
706 1371 844 1431 omnibus
859 1371 952 1432 horis.
964 1366 1043 1428 Psal-

92 1470 161 1513 mus
175 1451 265 1513 Beati
278 1450 471 1511 Immaculata·
490 1452 525 1511 in
539 1452 589 1513 oio
609 1456 656 1513 est
671 1453 806 1512 ornnium
828 1454 958 1513 maxime
974 1469 1044 1527 pro·

92 1534 171 1594 lixus
185 1552 221 1595 ao
237 1535 520 1611 praestantissimus,
545 1539 686 1610 tantoque
702 1536 909 1609 praestantior,
933 1538 1044 1609 quanto

92 1614 248 1692 prolixior,
267 1632 335 1675 curn
352 1614 507 1700 mirificam
520 1614 661 1675 Auctoris
676 1617 721 1675 sui
737 1615 936 1692 eloquentiam
949 1618 1044 1674 osten-

93 1696 156 1757 dat.
180 1696 284 1758 Totius
312 1698 450 1756 carminis
479 1698 665 1778 propositum
687 1702 733 1759 est
755 1696 878 1757 Divinae
901 1696 987 1773 Legis
1009 1713 1042 1753 a·

93 1796 163 1839 mor
182 1788 214 1841 et
234 1779 436 1845 exercitium,
459 1787 491 1839 et
513 1779 587 1838 bona
616 1797 695 1855 quae
714 1777 824 1856 Legem
857 1778 1043 1839 servantibus

92 1868 252 1937 parantur.
276 1862 321 1921 Eo
342 1866 442 1921 autem
466 1858 592 1921 artificio
613 1860 771 1936 studioque
793 1860 1042 1921 sublimissimum

93 1950 305 2019 argumentum
327 1947 428 2001 versat
449 1941 615 2021 Propheta,
639 1950 672 2002 ut
694 1942 722 1999 in
745 1942 868 2019 siugulis
890 1940 1044 2002 versiculis

93 2021 200 2085 Divina
221 2026 284 2086 Lex
300 2024 481 2091 nominetur,
505 2024 590 2085 noris
611 2027 712 2083 tamen
734 2041 853 2101 semper
870 2024 1041 2100 phrasibus,

92 2122 172 2181 quae
194 2106 270 2169 illius
291 2110 323 2167 et
354 2112 512 2177 naturam,
536 2113 568 2166 et
582 2107 792 2181 praestantiam
816 2106 932 2166 docent.
956 2104 1042 2164 Nunc

93 2185 156 2247 Lex
177 2189 343 2266 appellatur
365 2188 435 2254 via,
458 2187 681 2256 testimonium,
705 2188 894 2257 mandatum,
920 2202 1042 2263 praece·

92 2274 188 2345 plum,
215 2270 472 2346 nunceloquium,
495 2270 633 2336 verbum,
658 2268 814 2347 judicium,
837 2267 961 2346 justitia,
986 2274 1045 2327 sta·

91 2355 167 2417 tuta,
190 2350 416 2412 veritas.‘Tauti
437 2369 510 2412 vero
531 2351 611 2411 hunc
633 2350 784 2413 Psalmum
809 2350 880 2410 iacit
895 2348 1040 2417 Ecclesia,

92 2437 129 2492 ut
150 2434 283 2509 quotidie
306 2434 492 2493 recitandum
514 2431 636 2494 Clericis
660 2436 767 2496 tradat.
797 2431 863 2505 Quo
885 2439 1041 2509 tempore,

93 2512 222 2590 cujusve
245 2515 287 2575 rei
310 2532 399 2575 causa
422 2514 694 2583 exaratus‘luerit,
719 2535 776 2576 non
798 2515 869 2574 satis
891 2513 1040 2575 convenit.

92 2593 271 2657 Nostrorum
287 2596 488 2670 Interpretum
505 2596 642 2673 plerique
659 2598 802 2674 scriptum
819 2594 960 2655 allavide
972 2611 1045 2655 exu-

93 2676 142 2746 le,
168 2694 204 2736 ac
219 2678 314 2740 Saulis
336 2678 411 2738 odiis
422 2680 531 2755 agitato
546 2678 740 2739 arbitrantur.
765 2678 886 2738 ludaeis
901 2676 1043 2736 Babilone

93 2760 219 2834 mptiris
240 2762 376 2821 tribuunt
396 2759 551 2837 Origenes,
575 2759 751 2821 Theodorus
772 2744 967 2827 Heracleola‚
992 2775 1045 2815 re-

94 2845 143 2901 tus
169 2839 303 2901 Corderii
330 2840 545 2919 Paraphrastes
570 2840 704 2902 Graecus
726 2847 757 2902 et
778 2842 869 2901 Reda.
893 2840 1043 2918 Babylone

94 2922 240 2999 scriplum
264 2942 328 2983 esse
350 2925 429 2983 hunc
450 2923 600 2984 Psalmum
624 2929 727 2983 censet
749 2923 921 2990 Catmelus,
944 2921 1043 2981 adole-

95 3006 245 3066 scentibus
260 3006 413 3070 traditum.
437 3011 471 3065 ut
485 3004 552 3083 ejus
574 3005 702 3065 lectione
716 3005 839 3064 Divinae
856 3004 943 3081 Legis
959 3020 1044 3063 suae·
1161 3016 1164 3022 ·

92 3102 153 3162 que
167 3085 330 3167 Religionis
351 3106 384 3147 ac
399 3088 522 3147 Rituum
539 3099 672 3147 amorem
689 3087 880 3161 studiumque
896 3088 972 3144 inter
987 3084 1043 3143 Ba·

93 3168 283 3247 byloniorum
307 3170 533 3245 superstitiones
554 3184 588 3229 ac
604 3168 720 3229 tabulas
743 3169 909 3229 discerent:
927 3164 1045 3226 Narra·

92 3266 199 3312 rerunt
221 3253 414 3331 mittensque·
434 3251 655 3328 fabulationes,
687 3248 816 3311 sednon
846 3258 878 3307 nt
906 3249 1041 3309 leretur.

94 3328 177 3392 Hora
201 3333 304 3395 Tertia
325 3351 448 3394 oramus
469 3332 508 3393 ob
529 3333 689 3394 adrentum
712 3330 841 3407 Spiritus
857 3330 966 3391 Sancti.
983 3326 1046 3388 Ho-

97 3430 149 3473 rae
170 3413 289 3477 Tertiae
311 3415 451 3493 precibus
472 3415 575 3475 sedulo
598 3414 805 3482 recolendum,
829 3413 967 3475 observat
988 3410 1045 3470 Bo·

97 3512 155 3562 na,
183 3503 216 3557 ut
239 3500 295 3557 hac
317 3498 413 3562 hora,
448 3514 507 3572 qua
527 3494 657 3573 Spiritus
681 3496 780 3557 Sancti
803 3495 898 3571 gratia
920 3494 992 3554 olim
1015 3493 1043 3550 iu

95 3574 248 3653 Apostolis
269 3580 376 3640 diffusa
397 3586 466 3646 est,
490 3578 580 3639 talem
603 3596 658 3640 nos
680 3579 772 3639 vitam
795 3578 949 3639 instituere
977 3592 1046 3655 pro·
