2567 4042
615 191 840 269 *398ae

251 333 352 388 noctes
374 325 520 402 longiores
542 332 633 398 sunt,
658 330 751 403 atque
770 325 892 404 vigiliae
912 341 948 382 aa
967 323 1005 383 de
1028 340 1129 383 causa·
1142 325 1199 384 lou·
1256 392 1257 397 η

250 411 349 488 giores
371 425 435 468 esse
457 408 582 475 debent,
607 409 795 486 Antiphonas
816 425 887 468 eum
913 406 950 465 ad
972 405 1105 483 singulos
1128 404 1199 483 psal-

248 509 369 552 morum
391 491 556 550 versiculos
578 492 672 570 repeti
694 491 866 556 curavisse,
891 493 926 548 ut
947 490 1040 548 noctis
1060 488 1199 548 Officium

145 600 150 612 ·
250 573 287 634 ad
311 573 386 632 lucis
416 589 511 646 usque
534 578 632 638 ortum
655 573 791 632 duraret.
821 570 1064 647 Antiphonarum
1095 573 1201 647 triplex

251 662 296 716 est
311 671 420 731 genus3
446 653 690 731 Scripturalium‚
708 653 941 717 Historicarum‚
964 658 1046 712 etex
1068 655 1201 728 utrisque

250 739 427 798 mixtarum.
457 734 656 811 Scripturales
677 741 768 802 suut,
802 753 880 812 quae
907 753 946 796 ex
967 733 1065 793 Libris
1097 733 1202 794 Sacrae

251 819 425 894 Scripturae
449 824 512 876 tum
535 820 658 882 veteris,
681 824 746 878 tum
769 818 839 876 novi
861 816 1043 878 Testamenti
1066 817 1202 893 deprom-

249 907 318 980 ptae
341 907 420 960 sunt
443 896 615 960 Historicae
638 907 709 960 sunt
730 900 814 966 illae,
840 917 917 974 quae
938 918 977 959 ex
999 899 1127 958 historia
1141 915 1202 975 my-

250 983 343 1052 sterii,
361 984 407 1043 vel
424 980 523 1041 Sancti
537 979 626 1058 cujus
642 983 752 1042 testum
768 986 825 1046 est,
843 982 971 1059 carptim
987 981 1139 1040 delibatae
1153 998 1202 1056 per

249 1064 381 1142 singulos
399 1064 539 1140 psalmos,
563 1081 615 1124 seu
631 1065 747 1124 cantica
769 1062 1012 1134 distribuuntur3
1037 1061 1202 1139 cujusmodi

249 1151 320 1206 sarni
351 1145 509 1205 Festorum
545 1143 656 1204 Christi
685 1144 828 1215 Domini,
859 1144 1038 1206 Sanctorum
1061 1144 1144 1206 Petri
1175 1150 1203 1204 et
1256 1164 1257 1167 ¹

248 1227 354 1297 Pauli,
380 1227 533 1303 Stephani,
558 1227 722 1291 Laurentii,
746 1226 928 1300 Clementis,
952 1237 983 1287 et
1003 1228 1080 1287 aliae
1103 1242 1203 1286 ornnes
1256 1250 1257 1253 ¹

249 1309 425 1370 ldssiciorum
448 1309 651 1387 propriorum.
677 1304 787 1369 Mixtae
809 1309 937 1384 deniqne
959 1309 1107 1369 dicuntur
1127 1307 1201 1375 illae,

249 1410 328 1468 quae
350 1389 398 1450 vel
420 1407 457 1451 ex
480 1391 624 1466 psalmis,
650 1393 697 1452 vel
718 1409 758 1451 ex
779 1392 837 1450 alio
859 1391 1138 1469 Scripturae-libro
1159 1388 1202 1449 de
1256 1412 1257 1431 r

249 1478 434 1552 promptae,
458 1473 559 1550 paucis
581 1473 683 1533 verbis
704 1471 813 1533 additis
834 1473 881 1532 vel
905 1475 1028 1533 mutatis
1050 1473 1101 1531 vei
1125 1474 1202 1530 tran·

249 1556 391 1630 spontis,
415 1555 449 1614 ad
475 1571 540 1612 rem
562 1555 699 1632 Mysterii
722 1571 775 1616 seu
797 1553 897 1614 Sancti
921 1556 1136 1615 traducuntur.
1160 1551 1202 1612 ln·

249 1653 341 1714 super
368 1635 656 1703 animadvertimus,
681 1635 923 1713 Antiphonarum
953 1637 1200 1700 inchoationem,

249 1718 313 1778 sive
336 1723 368 1777 ut
390 1718 502 1793 antiqui
527 1717 736 1793 loquebantur,
753 1719 987 1797 'impositionem
1010 1718 1048 1777 ad
1071 1717 1202 1779 Clericos
1256 1740 1257 1749 ¹

249 1798 391 1860 Cantores
413 1817 532 1875 sempor
554 1802 727 1875 pertinere,
760 1800 828 1859 illos
850 1801 964 1860 scilicet
992 1802 1044 1877 qui
1075 1797 1202 1877 majores

249 1883 370 1941 scantin
393 1879 502 1941 Schola
525 1880 710 1948 Cauiorum,
745 1883 796 1957 qui
818 1886 933 1957 septem
958 1882 1030 1941 olim
1053 1886 1144 1941 erant
1175 1882 1201 1938 in

249 1961 385 2023 Ecclesia
408 1961 570 2031 Romana,
596 1981 653 2022 non
676 1963 873 2042 Presbyteri,
898 1981 953 2024 nec
977 1964 1128 2032 Diaconi,
1153 1961 1199 2022 scd

249 2045 455 2106 tautummodo
471 2043 662 2104 subdiaconi.
685 2045 709 2107 li
726 2043 869 2105 Cantores
891 2047 995 2104 ordine
1009 2062 1063 2105 suo
1081 2045 1199 2105 inchoa·
1256 2112 1257 2119 ἵ

178 2171 186 2184 .
249 2128 320 2188 baut
342 2127 555 2204 Antiphonus,
581 2133 614 2186 ut
635 2129 765 2204 primam
788 2125 1008 2196 primicerius,
1040 2128 1200 2188 secundam

249 2208 499 2274 Secundicerius‚
523 2213 553 2268 et
575 2209 616 2266 sic
639 2209 748 2286 reliqui
770 2210 901 2286 reliquas
925 2210 1135 2286 imponerent,
1166 2207 1199 2268 ad
1256 2212 1257 2243 ³

249 2297 354 2352 nutum
378 2297 479 2350 tamen
496 2289 719 2360 Archidiaconi,
741 2291 876 2367 exceptis
890 2291 1041 2366 aliquibus
1056 2290 1201 2369 Antipho·
1256 2286 1257 2341 Ῠ

250 2374 303 2433 nis.
338 2373 371 2434 lu
395 2371 572 2447 Antiphonis
594 2373 768 2432 inchoandis
789 2373 947 2433 exordium
969 2373 1147 2433 sumebatur
1174 2373 1199 2432 in
1256 2394 1257 2459 q

181 2527 187 2534 ,
248 2473 431 2530 unoquoque
452 2453 570 2522 Officio,
587 2454 624 2513 ab
640 2454 856 2529 antiquioribus
871 2454 1049 2516 Cantoribus
1071 2455 1108 2514 ad
1132 2453 1200 2515 iule-
1256 2462 1257 2517 l

248 2537 344 2596 riores
360 2553 454 2612 usque
471 2535 687 2597 descendendo.
710 2534 822 2596 Cantor
837 2537 919 2595 solus
939 2537 1041 2614 incipit
1055 2536 1200 2614 Antipho·
1256 2530 1257 2607 J

249 2633 341 2686 uam,
372 2635 448 2694 quae
470 2618 508 2677 ab
529 2618 669 2678 omnibus
691 2618 798 2679 deinde
821 2617 1010 2694 completur,
1045 2625 1109 2678 tum
1134 2617 1199 2696 quia
1256 2656 1257 2673 r

249 2699 379 2760 charitas
402 2700 439 2759 ab
461 2717 522 2759 uno
544 2698 665 2760 Christo
687 2701 724 2759 ad
747 2700 883 2761 membra
906 2698 1106 2768 diffunditur,
1138 2708 1197 2761 tum
1256 2698 1257 2705 ’

249 2783 320 2858 quia
343 2798 479 2842 summus
511 2781 565 2840 Dei
589 2799 675 2840 amor
708 2783 863 2859 praevenit
893 2786 1053 2850 nostrum,
1088 2782 1198 2858 etipse

250 2864 334 2940 prior
346 2863 449 2924 dilexit
465 2881 529 2924 nos.
553 2861 625 2923 Ideo
641 2868 709 2942 post
720 2861 856 2924 Psalmos
872 2870 991 2924 cantant
1004 2881 1110 2924 omues
1127 2879 1198 2924 corn·

250 2946 384 3016 munitor
406 2945 622 3022 Antiphonem,
647 2945 716 3022 quia
738 2963 898 3006 commune
919 2947 1066 3024 gaudium-
1086 2962 1102 3006 a
1127 2962 1197 3006 coru·

249 3027 333 3087 muni
356 3028 452 3088 oritur
474 3027 644 3088 dilectione.
678 3026 757 3086 Ante
779 3025 932 3088 Psaimum
957 3029 1123 3106 imponitur
1145 3027 1196 3087 hu·

249 3109 385 3186 tiphona,
410 3111 480 3186 qnia
503 3125 576 3186 opus
592 3109 718 3178 bonum,
742 3114 777 3168 ut
797 3109 836 3169 sit
850 3111 1052 3183 meritorium,
1076 3127 1115 3169 ex
1130 3109 1193 3168 cba-

250 3192 337 3251 ritate
361 3192 525 3267 procedere
547 3190 648 3250 debet.
680 3189 766 3250 iuxta
788 3195 892 3251 tonum
918 3190 1111 3270 Antiphonae
1137 3207 1195 3251 cen·

250 3277 331 3333 tatur
346 3271 488 3340 psalmus,
507 3273 575 3350 quia
589 3271 674 3350 juxta
688 3272 844 3339 charitatis
859 3290 1030 3333 mensuram
1046 3272 1123 3332 solet
1137 3289 1194 3333 ma·

250 3372 306 3413 nus
320 3357 450 3432 operari.
473 3355 577 3415 Plures
592 3354 784 3432 Antiphonae
800 3355 995 3415 nobilioribus
1016 3355 1126 3414 dautur
1140 3351 1193 3414 llo

249 3434 303 3504 ris,
328 3435 485 3503 Matutino,
508 3442 538 3496 et
560 3433 713 3514 Vesperis,
739 3455 796 3495 non
819 3435 883 3496 aliis
897 3436 980 3496 horis
1002 3455 1081 3513 quae
1103 3435 1192 3497 humi·

250 3513 308 3575 lius
331 3518 475 3576 celebrari
498 3519 623 3587 debent,
648 3517 688 3578 ita
710 3535 748 3578 er
770 3517 931 3597 lladulpho
952 3518 1041 3596 Prop.
1065 3511 1122 3578 10ss
1139 3515 1193 3578 Ad·

251 3593 332 3658 ditur
354 3596 534 3676 Antiphonis
563 3607 700 3679 tempore
732 3599 868 3662 Paschali
895 3603 925 3662 in
956 3598 1041 3672 fine,
1071 3599 1193 3679 Alleluia
