2567 4042
491 185 695 258 *abiit*-

475 392 601 456 carur
621 393 707 483 vm,
819 356 822 362 ’

112 569 267 618 ECOEESIA
294 571 487 629 QUACUMQUE
513 575 639 620 AETATE
662 573 789 619 Ltueuls
814 575 872 619 USA
893 575 1068 620 warram

150 653 215 698 'EST
245 654 278 698 m
301 651 405 700 saeuis
436 657 654 702 panormitanis
679 656 948 719 amanteum
974 655 1069 707 sttru-

144 729 355 792 ‘onomarcA,
380 737 565 783 annuatur
588 737 715 782 LATINA·
765 742 768 748 '

87 867 91 876 ’
157 881 183 943 1.
208 881 337 948 ioannes
351 884 464 947 Echius
479 883 644 947 Lib.'ll'rle
661 880 937 966 Sacrificiodlissoe
951 882 1024 962 Cap.
1048 881 1070 943 2

115 964 200 1028 nullo
224 967 358 1028 adhibito
372 973 449 1028 teste
470 983 561 1028 ausus
575 973 619 1028 cst
640 964 775 1034 definire,
792 965 916 1027 Missam
939 965 1068 1026 nonnisi

116 1047 374 1110 bebraieeactam
396 1055 457 1110 tam
480 1049 517 1110 ab
532 1047 693 1127 apostolis,
710 1067 802 1126 quam
823 1051 862 1110 ab
884 1067 990 1114 eorum
1004 1063 1069 1109 suc·

28 1175 30 1182 .
111 1129 290 1191 ¹caesoribus
312 1149 417 1209 usque.
437 1131 473 1194 ad
498 1135 633 1208 tempora
655 1129 776 1192 Adriani
797 1130 1014 1209 lmperetoris:
1038 1131 1070 1203 et

109 1217 190 1272 tunc
212 1211 336 1274 demum
369 1213 503 1290 coepisse
524 1212 693 1275 Ecclesiam
715 1213 816 1290 lingua
837 1230 943 1292 graeca
964 1213 994 1273 in
1015 1209 1069 1272 Sa·

114 1294 177 1352 ,cris
199 1295 254 1355 uti.
285 1295 343 1358 Sed
365 1293 456 1372 hujus
478 1295 645 1356 sentcntiae
667 1293 782 1355 nullum
813 1300 894 1356 extat
915 1294 997 1371 apud
1016 1311 1069 1355 re-

102 1382 200 1436 -teres
223 1376 446 1439 fulcimentum.
470 1376 581 1456 loseph
597 1376 775 1438 vicecomes
794 1375 831 1435 de
845 1375 955 1438 Missae
969 1373 1070 1516 Aego-

106 1468 190 1518 -mtc
213 1461 353 1532 quamvis
374 1460 512 1520 admittat
533 1458 636 1522 lesum
660 1455 986 1525 Christum,'Sacrificii
1036 1474 1071 1521 u·

107 1538 272 1600 ,charistici
295 1543 514 1611 institutorem,
532 1541 704 1616 Missaequo
725 1540 902 1611 Auctorem,
924 1538 1067 1600 hebraico

118 1625 259 1682 sermone
281 1643 372 1684 usum
386 1623 478 1684 luisse
498 1624 620 1684 intanti
637 1620 780 1683 Sacrificii
794 1621 992 1689 institutiones
1009 1638 1069 1682 uon

120 1704 188 1763 ideo
211 1706 350 1766 concedit
372 1705 542 1783 Apostolos,
567 1706 684 1768 etiamsi
706 1703 925 1784 Hierosolymis
947 1718 1070 1765 sacrum

22 1855 23 1864 χ
119 1787 317 1862 peregerint,
341 1787 508 1858 hebraice,
531 1785 583 1847 sed
606 1785 704 1847 solum
737 1804 845 1864 graeco
867 1786 1008 1851 idiomate
1037 1787 1069 1846 in

114 1865 230 1926 Missae
252 1869 454 1931 celebratione
475 1887 545 1930 usos
567 1867 670 1930 luisse.
693 1865 842 1930 Eusebius
861 1866 1070 1930 'Renaudotius

120 1948 150 2009 in
173 1945 398 2012 Dissertatione.
424 1951 459 2011 de
480 1948 694 2026 Litorqiocnm
720 1947 925 2011 Orientmiem
952 1951 1069 2026 oriqioe
1183 1970 1188 1978 ·

121 2041 147 2091 et
169 2035 379 2102 anctoritate,
409 2032 482 2109 Cap.
510 2031 526 2091 1
550 2031 600 2092 ubi
622 2029 742 2092 disserit
772 2032 810 2092 de
831 2031 941 2109 linguis
961 2031 1072 2108 quibus

22 2125 23 2136 ³
110 2110 273 2190 ,Liturgiae
305 2115 344 2174 ab
366 2115 474 2183 initio,
500 2119 531 2174 et
551 2113 588 2180 ad
611 2111 810 2189 baasamque
832 2116 968 2187 tempora
989 2113 1070 2182 cele·

22 2195 23 2198 ’
120 2194 201 2254 brari
233 2197 339 2258 solitae
366 2201 463 2265 suut,
486 2214 542 2256 non
565 2195 719 2258 detrectat
734 2211 874 2256 asserere
891 2193 948 2253 bac
969 2194 1070 2271 lingua
1163 2251 1174 2274 ,
1248 2210 1252 2218 ·

121 2274 263 2338 hebraica
284 2277 406 2338 Missam
422 2277 587 2354 antiquitus
608 2277 792 2338 celebratam
808 2275 910 2337 luisse.
934 2274 994 2338 Sed
1009 2289 1068 2339 non

22 2359 23 2388 ³
121 2357 199 2418 idem
222 2359 352 2420 adstruit
378 2359 414 2419 dc
438 2375 514 2435 pura
536 2357 637 2436 lingua
660 2356 826 2427 hebraica,
857 2375 949 2435 quam
981 2357 1070 2418 illite-

22 2457 23 2484 ³
115 2441 176 2501 ,rati
202 2459 259 2502 non
281 2438 495 2518 intelligebant.
519 2435 640 2502 Etenim
657 2446 730 2518 ¹post
750 2439 955 2518 captivitatem
975 2439 1071 2517 Baby·

123 2521 252 2583 tonicam
284 2522 442 2584 familiaris
470 2521 590 2599 linguae
618 2522 779 2584 hebraicae
811 2538 884 2582 usus
904 2538 1070 2596 numquam

122 2605 252 2681 amplius
266 2605 326 2667 tuit
347 2621 440 2681 purus
463 2602 540 2664 inter
555 2602 697 2673 iudaeos,
715 2604 768 2665 scd
784 2604 880 2681 primo
894 2603 1071 2665 Chaldaico-

123 2683 307 2765 Bebylonico
329 2687 469 2746 idiomate
492 2690 563 2746 sunt
585 2683 701 2755 locuti,
724 2686 765 2748 ita
786 2690 822 2746 ut
852 2703 978 2751 avorum
1000 2702 1070 2746 suo·

121 2785 190 2828 rum
213 2768 387 2830 hebraicam
403 2767 535 2846 linguam
551 2767 601 2826 vix
618 2767 828 2846 intelligerent,
841 2772 872 2830 et
893 2766 1070 2844 praesertim

122 2849 236 2927 illi'qui
259 2850 413 2928 Babylone
435 2847 602 2924 degebant-2
627 2854 785 2928 postquam
807 2849 933 2908 veroin
956 2855 1070 2910 terram

22 2999 23 3014 χ
121 2949 206 2994 suam
228 2950 246 2992 a
269 2932 440 3010 captivitate
461 2924 645 3008 Babylonica
666 2925 797 2992 absoluti
811 2931 952 3006 regressi
973 2934 1067 3000 suat,

122 3013 433 3090 linguaechaldaicae
457 3030 551 3074 usum·
569 3013 661 3073 etiam
684 3013 779 3090 magis
800 3016 1020 3088 corruperunt,
1037 3016 1071 3072 et

114 3095 254 3156 mediam
281 3095 443 3173 quamdam
470 3095 652 3156 invexerunt
673 3094 805 3172 linguam
828 3095 943 3170 partim
957 3111 995 3160 es
1018 3093 1072 3156 be·

22 3243 24 3248 ,
95 3177 234 3245 «braim,
258 3179 369 3254 partim
385 3195 428 3236 >err
451 3175 617 3244 chaldaica,
635 3175 761 3254 aliisque
782 3174 916 3236 dialectis
943 3182 975 3236 et
995 3175 1071 3236 idio·

22 3299 24 3324 t
113 3260 219 3320 vtismis
233 3302 245 3329 ,
268 3257 352 3336 juata
374 3258 582 3320 diversitatem·
600 3263 777 3320 exterorum
798 3257 978 3332 quibuscum
1001 3274 1072 3321 oon.

114 3341 331 3402 recreabantur.
356 3338 440 3403 llaec
463 3345 564 3402 autem
587 3340 714 3418 lingua,
736 3349 813 3415 quae
835 3346 998 3401 erat-:tuoe
1019 3357 1072 3416 uo·

22 3453 23 3500 t
122 3421 193 3498 pulo
215 3419 367 3485 Hebraico
388 3421 597 3492 vernaculae
619 3421 741 3498 regione
762 3438 854 3498 quam
875 3418 1071 3497 ipsimetlle·

22 3511 24 3585 ξ
124 3505 205 3565 braei
221 3504 389 3566 incolebant
406 3548 414 3577 ,
438 3504 562 3583 Syriaca
577 3510 608 3564 et
623 3502 747 3564 Juoatca
767 3502 917 3581 appellata
930 3511 987 3567 est.
1004 3500 1071 3563 llu-

22 3597 23 3650 ξ
118 3583 165 3662 jus
187 3591 289 3648 autem
311 3586 478 3666 Syriacae,
500 3585 549 3648 rel
571 3580 840 3666 Syro-Chaldaicos
862 3584 983 3660 linguae
1004 3600 1067 3642 ma·
