2567 4042
607 162 833 235 dm&-

235 310 294 355 'ma
315 294 444 353 alterum
466 292 505 352 sit
525 309 560 350 ac
581 308 654 351 rere
677 292 848 352 distinctum
875 290 1003 353 ollicium
1032 310 1049 351 a
1069 290 1197 353 Matuti-

245 379 292 436 nis
306 375 469 440 Laudibus,
486 373 679 433 nihilominus
695 392 712 434 a
728 374 875 433 nonnullis
890 374 995 433 eodem
1011 380 1113 435 tenore
1130 394 1198 435 con·

245 465 405 533 sequenter
426 455 663 533 persolvebatur.
688 454 730 516 lta
752 455 783 518 S.
808 456 996 526 Aurelianus,
1020 455 1136 516 relatus
1160 456 1198 517 ab

243 537 403 599 Edmurrdo
424 538 560 598 Martene
583 536 678 597 Lib.l
701 537 736 597 do
759 538 892 615 antiquis
914 534 1128 597 Marrucinorum
1153 541 1198 599 ri·

245 619 402 697 tiburCap.
411 618 442 689 lr,
456 620 678 697 praescribebat
689 620 895 682 recitationem
908 618 995 696 hujus
1007 620 1100 679 horae
1113 622 1198 679 nullo

247 704 425 781 interposito
438 703 581 762 exercitio
601 703 678 761 inter
700 701 786 773 hanc,
800 707 830 760 et
845 700 1017 763 Matutinos:
1041 703 1081 761 ita
1104 704 1199 761 etiam

246 786 276 845 in
291 784 405 861 Regula
428 784 531 845 incerti
553 784 682 843 auctoris
697 784 897 858 manuscripta
920 780 1029 861 Capd
1051 783 1196 845 habetur.

286 866 329 947 ll.
350 866 420 925 Post
440 871 540 925 ortum
562 864 640 925 Solis
671 862 770 924 Prima
793 867 1002 941 congruentius
1024 866 1197 933 recitatur,

247 956 310 1010 tum
326 967 362 1008 ex
379 948 494 1024 origine
509 948 587 1023 apud
602 944 776 1007 Cassianum
799 965 960 1023 expressa,
985 955 1046 1007 tum
1068 966 1107 1007 ex
1129 946 1199 1025 Hy·

247 1050 318 1090 mnu
336 1028 408 1089 Jorrr
422 1030 498 1087 lucie
508 1039 572 1089 orto
586 1028 699 1107 sydera,
712 1035 774 1097 turn
788 1030 879 1103 etiam
893 1047 930 1089 ex
946 1030 1119 1089 auctoribus
1135 1030 1201 1107 plu·

246 1114 331 1173 ribus
344 1112 441 1170 citatis
456 1128 473 1169 a
489 1108 806 1187 FrancolinoCap.15
822 1128 850 1171 n.
870 1110 919 1171 ta.
937 1110 1008 1171 ldeo
1022 1110 1056 1171 lit
1076 1110 1199 1171 Primae

245 1193 348 1255 llorae
369 1192 543 1259 celebratio,
557 1199 592 1253 ut
611 1191 713 1253 verbis
729 1198 797 1251 utar
811 1194 923 1253 Rabani
938 1192 1037 1253 Mauri
1053 1192 1090 1253 de
1107 1193 1199 1253 Iusti·

247 1278 364 1337 tutione
389 1274 575 1336 Clericoruru
596 1274 664 1334 Lib.
682 1272 709 1333 ll
731 1271 802 1351 Cep.
821 1274 840 1333 3
862 1274 931 1351 quia
955 1276 983 1334 iu·
1006 1281 1115 1335 exortu
1138 1275 1200 1334 diei

246 1363 365 1441 oportet
392 1363 426 1416 ut
448 1356 547 1416 Solem
568 1354 700 1433 justitiae
723 1356 808 1415 nobis
831 1358 903 1416 oriri
926 1357 1124 1432 postulemus.
1151 1356 1201 1417 Sic
1261 1398 1262 1415 2

182 1500 187 1511 ,
248 1442 407 1516 incipiente
422 1439 481 1507 die,
499 1439 671 1516 Evangelioi
693 1440 843 1515 praecepti
861 1456 918 1497 non
933 1438 1013 1498 surdi
1030 1439 1199 1506 auditores,

249 1524 379 1600 primum
403 1520 577 1595 quaerimus
600 1538 724 1595 regnum
747 1518 802 1579 Dei
824 1528 855 1579 et
874 1520 1021 1597 justitiam
1049 1518 1142 1597 ejus,
1168 1526 1202 1580 ut

248 1612 279 1665 et
293 1610 392 1662 cetera
407 1600 582 1678 adjiciantur
597 1602 693 1661 uobis.
712 1600 759 1660 Sic
774 1602 859 1680 juxta
879 1604 974 1677 legem
992 1599 1100 1665 Exodi,
1117 1602 1200 1677 quod

247 1686 347 1764 primo
369 1686 511 1752 nascitur,
529 1681 657 1743 Domino
679 1700 899 1744 consecramus.
919 1684 950 1744 ln
974 1684 1049 1743 hora
1072 1682 1199 1754 Prima,

248 1785 326 1844 quae
341 1764 407 1824 linis
421 1771 468 1825 est
489 1766 583 1825 noctis
603 1770 635 1825 et
658 1765 774 1824 initium
797 1766 873 1835 diei3
898 1766 967 1841 quia
990 1770 1109 1825 noctem
1126 1782 1199 1825 curn

246 1850 343 1908 salute
364 1848 578 1924 transegimus,
602 1846 717 1908 Pastori
739 1853 839 1909 nostro
862 1848 972 1925 gratias
994 1846 1121 1907 reddere
1146 1847 1201 1905 de-

247 1932 365 1991 bemus.
396 1927 479 1990 Sicut
500 1933 601 1989 autem
623 1931 730 1989 ovibus
752 1946 839 1988 mane
866 1928 1036 2005 adpascua
1062 1929 1199 1989 exeunti·

247 2013 303 2073 bus
326 2012 518 2071 necessarius.
531 2020 577 2071 est
597 2016 721 2087 pastor.
745 2012 796 2086 qui
818 2028 868 2070 eas
889 2027 905 2068 a
930 2011 1006 2087 lupis
1028 2009 1198 2070 delendas:

247 2096 286 2155 ita
309 2095 399 2153 etiam
421 2110 501 2160 nos,
524 2097 559 2151 ut
580 2092 668 2153 docet
682 2091 853 2153 Amalarius
875 2092 941 2151 Lib.
965 2090 1007 2151 lV
1029 2091 1201 2152 continents

251 2174 359 2257 Officiis
379 2173 490 2252 Cant
512 2175 593 2235 initio
614 2176 674 2234 diei
696 2175 733 2235 ad
754 2190 844 2249 opera
866 2180 897 2234 et
918 2173 1056 2233 mandata
1078 2173 1201 2233 Domini

246 2264 418 2335 surgentes,
443 2257 571 2333 pastoris
593 2256 661 2315 boni
683 2256 814 2317 custodia
838 2257 1014 2332 indigemus,
1039 2257 1090 2332 qui
1114 2255 1200 2331 lupos

247 2341 348 2415 abigat
364 2341 520 2405 irruentes,
545 2338 582 2396 de
598 2338 848 2415 qrribu'slegimns
869 2338 947 2414 apud
963 2336 1107 2397 loannem
1125 2337 1198 2412 Cap.

246 2420 280 2481 X
302 2440 330 2479 r.
358 2420 417 2478 12:
442 2428 468 2477 ct
490 2420 577 2497 lupus
598 2421 704 2498 rupit,
737 2432 763 2479 et
785 2419 928 2499 dispergit
952 2438 1027 2478 oues.
1055 2417 1201 2479 Ceterum

247 2502 330 2563 Hora
347 2502 400 2565 ista
423 2508 523 2580 sancta
538 2505 593 2569 est,
617 2519 674 2577 qna
699 2501 843 2562 Dominus
867 2507 967 2561 noster
983 2502 1099 2567 illusus,
1124 2517 1196 2559 con-

247 2590 352 2661 sputus
373 2588 405 2643 et
418 2582 512 2657 alapis,
531 2600 649 2651 caesus,
667 2581 760 2642 Pilato
783 2588 903 2659 propter
927 2600 980 2641 nos
1003 2584 1110 2659 ligatus
1128 2583 1199 2641 asti-

191 2684 195 2695 ·
250 2667 306 2735 tit,
331 2665 374 2722 ad'
389 2682 508 2744 omnem
532 2664 742 2724 contumeliam
765 2669 795 2723 et
817 2664 1028 2725 adversitatem
1050 2665 1199 2740 patienter

248 2747 447 2807 sustinendam
471 2764 525 2805 suo
547 2747 685 2821 exemplo
709 2764 760 2805 nos
782 2745 931 2807 erudiens.
1024 2764 1026 2771 ¹

290 2825 345 2889 lll.
369 2826 495 2887 Psalmis
516 2828 545 2885 in
568 2826 733 2891 Dominicis
755 2832 915 2901 quatuor,
936 2826 1027 2899 additi
1057 2832 1126 2886 sunt
1147 2825 1199 2885 alii

246 2912 299 2987 qui
321 2910 451 2969 secundo
473 2911 538 2969 loco
559 2913 731 2984 ponuntur,
755 2910 864 2985 quique
892 2926 995 2968 omncs
1024 2908 1201 2967 dicebantur

247 2999 316 3052 ante
337 2991 423 3051 Pium
448 2992 476 3051 V
497 2992 526 3049 in
556 2990 749 3058 Dominicis,
778 3002 815 3049 ex
844 2988 1003 3050 Brevioriis
1033 2990 1201 3049 manuscri-

247 3075 309 3152 ptis
327 3080 357 3133 et
372 3075 545 3149 impressis:
561 3073 650 3132 'nunc
667 3071 818 3131 distributi
839 3077 908 3131 sunt
930 3089 983 3146 per
998 3072 1099 3139 terias,
1123 3077 1200 3131 tam-

248 3174 337 3232 quam
365 3153 473 3214 Psalmi
496 3156 568 3215 olim
593 3155 733 3233 assignati
754 3150 893 3213 Primae:
930 3160 991 3212 tum
1015 3171 1087 3211 vero
1108 3154 1199 3213 etiam

224 3236 228 3241 ’
247 3256 285 3298 ne
306 3239 342 3297 de
364 3235 506 3297 Psalterio
529 3238 692 3313 quidquam
709 3235 847 3311 supersit.
865 3233 903 3293 Et
919 3236 947 3292 in
964 3233 1118 3293 Dominica
1135 3234 1198 3310 qui·

247 3320 316 3379 dem
344 3319 453 3378 dicitur
481 3317 617 3378 Psalmus
642 3316 854 3397 Confitemiui,
884 3317 952 3393 quia
980 3318 1007 3374 in
1041 3335 1076 3377 eo
1107 3315 1199 3375 habe·

249 3408 299 3459 tur
315 3418 430 3468 versus,
455 3401 505 3475 qui
522 3401 574 3459 'est
594 3400 631 3459 de
648 3398 879 3457 Resurrectione
895 3396 1030 3465 Domini,
1053 3415 1144 3474 quam
1160 3396 1198 3455 si·

248 3480 369 3557 gnificat
390 3482 452 3541 dies
469 3480 640 3549 flaminica:
665 3480 747 3539 Haec
763 3477 824 3537 dies
847 3496 936 3557 quom
956 3478 1194 3557 fucitDomiuus.

248 3560 324 3622 eum
340 3569 440 3621 autem
463 3562 563 3621 nullus
577 3563 707 3639 supersit
720 3560 854 3619 Psalmus
876 3562 928 3637 qui
943 3560 1087 3637 assignari
1110 3565 1198 3636 queat
