2567 4042
440 199 668 271 &Wlffl-

16 356 21 387 ε
75 342 115 385 no
132 322 225 386 mlo.
251 325 417 387 Sanctolius
438 328 622 397 Victorinus,
648 330 699 406 qui
717 328 860 408 ‹Hymnos
882 346 983 390 sacros
1003 335 1035 391 et

76 425 171 469 novos
193 410 377 485 composuit,
399 410 550 488 ediditque
572 412 693 471 Parisiis
714 429 792 471 anno
816 409 907 471 1689.
1016 438 1018 447 ’

15 529 16 556 1
106 488 174 549 111.
198 489 313 553 Romae
330 511 389 552 non
403 494 442 553 ab
464 493 586 569 antiquo
601 501 751 570 tempore,
768 493 820 553 sad
836 510 903 555 sero
919 492 1034 573 Hymni

17 604 21 616 ·
73 573 141 632 cani
164 581 350 650 coeperunt3
372 576 573 650 nequeenim
602 577 632 636 in
657 576 725 636 ullis
747 575 890 635 Romanis
912 574 1033 635 Ordini-

15 673 16 676 ’
72 655 133 714 bus
155 657 270 716 mentio
290 655 391 733 aliqua
412 656 446 718 lit
467 655 663 735 Hymnorum
688 658 913 718 recitandarum
934 658 963 717 in
979 654 1033 718 Oi·

15 799 18 809 ,
73 734 164 797 fiolis.
188 736 294 809 Hinc,
327 744 359 798 et
388 758 424 799 ex
448 740 513 799 aliis
540 738 725 818 conjecturis
754 737 845 799 insert
868 738 1033 799 Grenoolas

15 854 21 892 ,¹
71 816 142 878 Lo.
165 818 187 879 1
212 818 286 896 Cap.
310 819 351 879 23
381 828 450 899 post
473 819 532 881 Xll
558 822 715 883 dumtaxat
737 822 890 882 saeculnm
917 820 1032 880 Romae

15 923 16 926 ¹
72 900 229 961 Breviorio
257 898 396 980 Hymnos
427 905 553 964 insertos
588 903 692 965 luisse.
727 901 866 981 Hymnos
903 903 1030 963 Romani

14 1021 21 1059 ὅ
72 983 248 1052 Breviorii,
272 985 443 1056 emendarit
464 982 602 1047 Urbanus
624 984 708 1047 Vlll.
733 987 779 1046 Ad
803 982 1032 1063 praelatos-Hy

16 1102 21 1142 3
73 1066 376 1142 muoscorrigendos
397 1066 536 1128 adhibuit
551 1068 688 1129 laudatus
702 1066 837 1127 Pontifex
854 1074 913 1127 tres
936 1068 1032 1127 lectis·

14 1186 21 1224 ,
73 1147 169 1205 simos
201 1145 358 1209 Societatis
390 1147 458 1209 lesu
490 1151 573 1209 viros
604 1168 639 1210 ao
669 1149 839 1228 politiorum
873 1149 1030 1208 literarum

13 1271 17 1308 ,
73 1228 152 1289 bene
175 1230 299 1305 peritos,
323 1237 355 1290 et
376 1230 408 1289 hi
431 1230 554 1292 luerunt
572 1231 735 1292 Famianus
757 1229 879 1298 Strada,
902 1229 1031 1306 Tarqui-

13 1355 16 1390 ,
72 1311 143 1370 nius
169 1308 341 1372 Galluceius
375 1318 407 1382 et
427 1310 634 1391 Hieronymus
667 1312 867 1381 Petruccius;
897 1328 1028 1387 quorum

71 1393 208 1453 laborem
231 1396 332 1471 magni
354 1396 475 1453 omnino
498 1394 669 1456 laciendum
690 1413 754 1455 esse
776 1394 905 1453 adstruit
926 1392 1031 1453 claris·
1053 1420 1058 1429 ·

13 1519 14 1526 ,
71 1476 168 1536 simus
190 1475 237 1533 vir
252 1475 437 1553 Theophilus
458 1475 645 1555 llaynaudus
664 1475 744 1537 Yom.
758 1472 808 1534 XI
823 1471 898 1554 Opp.
918 1482 1028 1551 ponat.

15 1600 20 1610 .
71 1558 94 1617 2
110 1575 185 1635 pay.
212 1556 262 1616 12.
285 1558 425 1633 Quinque
446 1565 517 1618 sunt
539 1558 747 1618 tantummodo
773 1559 861 1615 metri
890 1555 1027 1632 specim,

72 1639 183 1714 quibus
206 1639 307 1715 scripti
329 1642 521 1715 reperiuntur
543 1638 659 1718 Hymni
682 1640 895 1701 Ecclesiastioi.
928 1638 1030 1698 Prima

18 1763 20 1770 .
72 1722 210 1778 omnium
227 1720 466 1795 frequentissima
478 1727 524 1781 est
545 1722 759 1790 lambioorurn,
782 1729 912 1795 suntque
935 1716 1028 1795 hujus

13 1851 14 1869 ,
70 1802 182 1878 speciei
216 1802 245 1861 in
268 1801 422 1863 Breviorio
444 1801 580 1863 Romano
601 1802 716 1883 Hymni
749 1818 876 1863 numero
898 1798 951 1860 79.
976 1802 1028 1861 Se·

11 1949 12 1967 y
71 1884 169 1944 cunda
192 1890 237 1944 est
258 1883 490 1961 Sapphioorum,
507 1885 612 1962 juncto
634 1892 702 1963 post
724 1886 848 1945 tertium
864 1882 1028 1959 cujuslibet

12 1961 17 2018 f
72 1964 216 2039 strophae
231 1983 352 2027 versum
364 1965 491 2027 Adooio.
505 1966 605 2028 Tertia
618 1966 917 2043 Asclepiadaaorum.
932 1963 1027 2036 Quar-

12 2043 14 2116 ζ
73 2052 104 2107 ta
124 2044 301 2125 Elegorum,
328 2049 482 2107 rarissima
504 2054 626 2119 tamen,
652 2050 735 2109 utin
761 2047 886 2111 Gloria,
910 2046 977 2105 iaus
999 2053 1027 2104 at

12 2181 14 2196 ,
72 2128 168 2188 hohor
188 2146 242 2206 pro
265 2129 420 2189 Dourinioa
443 2129 630 2192 Palmarum.
645 2130 755 2204 Quinta
777 2127 1025 2194 Troohaioorurn,

71 2210 169 2270 rarior
184 2216 215 2269 et
228 2211 297 2280 ista,
315 2229 369 2271 neo
384 2213 439 2271 uisi
454 2213 584 2272 duorum
600 2230 731 2287 quorum
749 2210 864 2270 initium
888 2206 1027 2269 estPoa·

70 2310 104 2370 pa
118 2294 224 2369 linquo
238 2293 363 2370 portasi,
381 2300 413 2354 et
425 2291 535 2354 Letoa
556 2312 613 2354 aaa:
625 2296 678 2371 qui
689 2296 756 2373 jam
769 2290 895 2371 portayit.
912 2286 1027 2365 Signifi-

12 2424 15 2444 ,
70 2380 140 2434 cant
161 2372 275 2451 Hymni
298 2374 501 2436 tortitudinem
525 2380 556 2434 et
578 2376 764 2453 majestatem
787 2372 867 2440 dei,
894 2378 925 2431 et
946 2368 1027 2447 ejus·

70 2457 139 2517 dem
161 2456 209 2516 vol
233 2454 387 2522 beneficia,
413 2460 459 2517 vel
483 2455 560 2516 laeta
585 2451 732 2525 miranda,
757 2456 799 2514 ait
820 2451 1025 2531 Hieronymus

12 2592 13 2600 ,
71 2539 178 2599 citatus
202 2539 245 2597 ab
267 2538 420 2598 Amatorio
453 2538 521 2597 Lib.
547 2538 588 2600 lV
609 2538 683 2615 Cap.
708 2536 737 2598 3.
752 2536 846 2596 .Unde
868 2540 899 2595 et
920 2533 1024 2595 stando

12 2617 14 2692 ζ
72 2637 125 2680 eos
147 2626 304 2679 cantamus
325 2621 363 2679 ob
385 2620 614 2690 reverentiam,
649 2627 678 2681 et
700 2625 733 2680 ut
755 2618 948 2678 ostendamus
970 2632 1025 2676 nos

12 2695 13 2772 ζ
72 2702 331 2761 sursumhabere
352 2720 473 2778 quoqne
496 2703 533 2760 ad
551 2702 647 2762 neum
670 2701 759 2761 corda
775 2706 885 2768 nostra,
909 2716 945 2757 ex
961 2698 1024 2758 Du·

73 2782 166 2841 raudo
188 2782 255 2841 Lib.
281 2782 307 2841 V
330 2782 403 2859 Cap.
426 2784 457 2842 2.
483 2782 516 2843 ln
537 2782 645 2845 Officio
667 2788 812 2843 nocturno
835 2781 931 2840 solent
958 2776 1025 2856 Hy-

73 2864 136 2923 mni
167 2868 265 2924 statim
299 2871 367 2940 post
387 2864 596 2926 luritatorium
623 2864 788 2925 decantari.
811 2862 918 2921 Vocati
943 2862 1024 2921 euim

73 2946 243 3008 otiositati
265 2947 302 3004 ad
320 2944 428 3015 Dauni,
452 2946 532 3006 illico
554 2948 718 3024 gaudemus
740 2950 771 3006 et
792 2944 971 3011 exultamus,
995 2945 1026 3001 et

71 3030 96 3089 si
120 3044 199 3102 quae
221 3032 289 3087 sunt
304 3028 401 3087 adhuc
418 3029 565 3103 torpentia
586 3030 677 3089 corda
699 3027 734 3087 ad
752 3027 902 3086 invitantis
917 3040 1024 3083 vocent

70 3108 202 3170 nondum
226 3109 297 3169 satis
318 3116 486 3179 commota,
505 3128 560 3187 per
581 3108 696 3188 Hymni
719 3108 902 3168 alacritatem
926 3112 956 3166 et
976 3104 1025 3182 ju-

70 3192 242 3253 bilationem
263 3192 301 3251 ad
322 3190 457 3251 Psalmos
478 3191 586 3251 devote
607 3190 821 3270 persolvendos
843 3188 1021 3249 excitantur.

69 3273 103 3333 ln
124 3273 278 3333 Laudibus
299 3290 395 3339 vero,
419 3274 550 3348 itemque
573 3275 602 3334 in
625 3273 768 3349 Vesperis
800 3276 831 3331 at
852 3267 1024 3344 Complato·
1112 3285 1116 3297 ·

70 3357 114 3416 rio
127 3353 243 3431 Hymni
265 3355 405 3415 dicuntur
430 3358 497 3433 post
518 3354 662 3422 Psalmos,
686 3355 757 3432 qnia
779 3370 847 3413 oum
870 3352 917 3411 his
939 3350 1023 3411 horis

70 3436 266 3498 ferventiores
288 3438 318 3497 iu
333 3437 441 3497 divinis
458 3436 593 3497 laudibus
615 3435 742 3497 inveniri
759 3434 931 3500 debeamus,
956 3450 1023 3492 con-

69 3522 242 3579 sentaneum
264 3524 333 3586 est,
366 3525 401 3578 ut
428 3517 466 3579 ad
487 3536 564 3597 opus
595 3516 778 3597 psalmodiae
812 3517 876 3576 sino
897 3515 1021 3593 praevia

70 3597 182 3679 Hymni
218 3601 426 3681 cohortatione
456 3600 667 3678 procedamus.
698 3600 739 3659 ht
770 3599 876 3661 ceteris
907 3597 1022 3657 diurnis
