2567 4042
628 190 854 262 *modom*

261 318 451 380 eruditorum
466 319 607 380 liberarit
621 319 659 378 ab
674 321 824 397 aliquibus
835 319 950 380 mendis
965 317 1044 379 edita
1057 316 1117 396 jam
1131 337 1148 378 a
1160 317 1205 379 Pio

262 400 295 460 P
313 406 343 460 et
365 401 517 478 recognita
537 400 699 462 Clementis
721 401 792 461 Vlll
815 400 944 470 Officia,
972 406 1003 460 et
1024 401 1144 479 proprio
1169 402 1204 460 la·

191 513 197 525 ·
262 484 336 544 bore
359 483 453 542 multa
474 483 597 554 addidit,
622 484 708 559 plura
729 484 903 562 elqantiori
926 483 1005 560 stylo
1027 484 1204 542 concinnavit

261 580 423 640 sacrosque
444 564 573 643 hymnos
595 565 632 624 ad
655 571 775 627 exactas
798 568 886 626 metri
911 565 1030 641 regulas
1045 564 1202 622 adornavit.

260 649 329 709 Alia
351 663 428 723 quae
450 644 482 704 S.
506 645 641 707 Pontifex
664 649 765 727 gessit,
790 652 826 706 ut
846 646 1036 706 Breviarium
1058 645 1206 704 reduceret

260 731 381 790 adeam
404 727 544 791 formam,
568 745 660 803 quam
678 731 761 790 nubis
776 730 935 806 suspicere
952 729 1031 797 licet,
1057 727 1159 804 legesis
1179 727 1204 784 in

260 809 346 872 Bulla
367 807 503 886 ejusdem
525 808 635 868 Urbani
665 812 733 871 data
755 817 862 870 octavo
884 810 1030 871 Calendas
1058 807 1204 868 Februarii

260 894 328 953 anni
353 890 546 966 tusisquae
567 891 691 968 incipit:
715 891 860 956 Divinam
882 889 1095 952 Psalmndiam.

300 973 356 1035 Ill.
380 971 534 1032 Horarum
550 972 767 1035 canonicarum
791 974 937 1051 originem
961 989 1061 1040 nemo,
1086 971 1135 1048 qui
1154 967 1204 1028 Ec·

249 1057 370 1116 'clesiao
392 1053 524 1114 Annales
545 1053 729 1133 sanctosque
753 1054 875 1126 Patres,
900 1057 947 1115 vei
972 1075 988 1116 a
1010 1055 1112 1114 limine
1133 1052 1204 1111 salu·

258 1138 335 1197 tavit
357 1134 468 1195 iniicias
491 1137 535 1194 ire
557 1139 668 1212 poterit
690 1138 902 1216 Apostolorum
935 1138 1025 1198 aetati
1048 1153 1113 1196 esse
1136 1133 1204 1192 rcie·

260 1219 396 1280 rendam.
417 1215 506 1292 Quod
526 1227 634 1295 spectat
655 1218 696 1277 od
711 1219 872 1298 antiquam
894 1219 983 1280 certis
1003 1219 1084 1278 boris
1104 1213 1205 1274 orandi

144 1361 149 1380 ,
262 1304 368 1368 mlum,
385 1299 421 1358 ab
438 1294 583 1379 Apostolis
596 1302 631 1360 in
647 1299 813 1361 Ecclesiam
829 1299 999 1366 deductum,
1016 1301 1058 1359 ait
1074 1298 1204 1358 Eminen-

251 1383 393 1446 .tissimus
416 1379 577 1451 Annalium
601 1381 713 1443 Parcus
735 1382 771 1443 ad
793 1399 903 1442 annum
927 1381 1038 1442 Christi
1062 1379 1113 1438 3t.
1136 1375 1204 1437 Nam

260 1465 358 1540 primo
379 1460 479 1521 medio
501 1473 582 1522 nocte
604 1461 720 1524 Paulus
742 1474 769 1526 et
789 1464 869 1524 Silus
891 1473 1012 1523 orontes
1034 1463 1132 1522 Deum
1150 1460 1205 1519 lau·

260 1546 345 1605 classe
374 1549 582 1604 memorantur
606 1544 673 1604 Act.
695 1546 778 1623 'Cap
802 1544 887 1604 XVI.
920 1545 1034 1605 Deinde
1057 1543 1204 1620 Apostolos

246 1628 339 1705 ,ipsos
364 1633 482 1685 orantes
505 1625 579 1684 bora
603 1628 689 1696 tertia
712 1629 861 1703 accepisse
884 1626 1026 1701 Spiritum
1048 1624 1202 1689 Sanctum,

260 1713 387 1768 testatur
401 1708 479 1766 idem
496 1707 628 1769 Aciuum
640 1708 730 1769 Liber
745 1708 817 1784 Cap.
835 1706 924 1768 XXI.
939 1705 1099 1768 Praeterea
1114 1721 1204 1766 oscen

260 1785 462 1848 ditPctrnsin
473 1793 682 1868 reperierant
693 1799 795 1850 oraret
808 1792 890 1851 cirea
901 1791 1005 1850 horam
1016 1788 1077 1848 dici
1088 1798 1201 1848 sectam.

251 1869 394 1945 'Denique
417 1871 506 1930 ctiam
531 1869 636 1931 Petrus
659 1878 689 1932 et
711 1872 836 1933 loannes
858 1871 1059 1932 ascendebant
1087 1871 1114 1928 in
1134 1874 1202 1929 tem-

259 1952 343 2028 plum
366 1950 403 2010 ad
419 1951 525 2010 horam
540 1953 684 2013 orationis
707 1972 828 2013 nonam.
852 1954 898 2013 Ex
920 1971 981 2030 quo
996 1952 1201 2028 Apostolorum

259 2033 383 2112 vestigia
406 2035 495 2094 certis
518 2035 575 2093 diei
598 2033 682 2095 horis
705 2037 830 2114 gloriam
854 2035 917 2094 Deo
944 2053 997 2111 per
1021 2051 1124 2110 preces
1144 2031 1203 2092 red·

258 2115 393 2177 dentium
416 2116 567 2190 sequenda
581 2115 637 2175 sibi
659 2135 724 2177 esse
745 2118 831 2178 duxit
853 2115 998 2183 Ecclesia,
1024 2121 1057 2175 ut
1073 2115 1203 2174 evincunt
1249 2133 1250 2148 2

258 2195 446 2265 Tertulliani,
470 2197 659 2274 aliorumque
675 2199 848 2259 Patrumin
865 2199 997 2258 medium
1020 2194 1202 2272 producenda

258 2279 334 2338 loca.
358 2277 560 2339 Tertullianus
586 2279 675 2356 igitur
695 2280 760 2340 Lib.
784 2279 796 2340 l
820 2282 857 2342 de
878 2280 1007 2360 iejuniis
1029 2276 1101 2357 Cap.
1125 2275 1201 2337 ilai·

258 2358 360 2420 [irmai
381 2360 524 2430 Tertiam,
549 2360 682 2432 Sextam,
708 2362 834 2430 Nonam,
859 2362 949 2422 boras
972 2361 1064 2423 inisse
1086 2360 1202 2436 Aposio·
1248 2383 1249 2432 4

258 2442 358 2502 lorum
381 2442 519 2520 precibus
533 2451 735 2504 consecratas.
754 2443 957 2522 Apostolicam
973 2459 1079 2519 sapere
1102 2441 1201 2501 iustitu-

257 2524 370 2584 tionem
386 2540 502 2583 morem
525 2542 557 2584 se
572 2523 637 2584 Deo
665 2525 893 2586 commendandi
916 2523 1042 2584 Psalmis
1063 2527 1095 2583 et
1116 2520 1201 2600 Hym-

257 2604 304 2663 nis
331 2606 360 2663 in
389 2605 536 2673 Ecclesia,
552 2605 673 2667 disertis
701 2609 801 2669 verbis
826 2608 1001 2683 pronuntiat
1026 2604 1200 2682 Augustinus

257 2683 352 2764 Epist.
372 2683 432 2745 tle
442 2686 517 2761 Cap.
531 2686 582 2747 18:
591 2689 636 2748 Dc
648 2687 785 2760 Psalmis,
799 2698 826 2748 ct
838 2687 967 2766 Hymnis
977 2687 1129 2752 canendis,
1143 2701 1198 2745 cunr
1247 2731 1248 2766 Ξ

258 2778 285 2828 ct
303 2769 399 2846 ipsius
421 2767 553 2835 Domini,
576 2779 605 2829 ct
620 2767 826 2850 Apostolorum
842 2771 1001 2830 babeamus
1023 2768 1196 2832 documento,

258 2856 287 2908 ct
295 2847 599 2928 praenuntiarem
622 2860 653 2912 et
674 2859 778 2931 aperta
800 2851 837 2911 de
860 2850 960 2910 divino
975 2849 1085 2910 Oilicio
1106 2865 1197 2910 occur·

255 2931 298 2990 rit
311 2932 423 2990 mentio
438 2932 518 3007 apud
530 2933 739 3002 Athanasium,
758 2932 964 3002 Ambrosium,
977 2931 1196 3009 Hieronymum,

256 3009 533 3091 Chrysosiomum,
566 3013 819 3082 l'beodorctum,
849 3012 1018 3075 Eusebium
1039 3011 1197 3074 Caesarien·
1246 3027 1247 3068 t

257 3109 331 3158 sem,
356 3093 543 3166 Cassianum,
569 3096 703 3174 aliosque
725 3095 840 3156 Patres.

297 3174 353 3237 IV.
365 3173 471 3248 Quoad
488 3193 593 3238 causas
607 3179 801 3240 institutionis
817 3177 962 3238 horarum
978 3177 1194 3240 Canonicarum,

256 3253 347 3333 Hugo
370 3257 406 3316 de
428 3258 458 3319 S.
478 3257 602 3321 Victore
622 3262 696 3336 Cap.
722 3260 752 3320 3.
777 3260 898 3339 Spccuii
918 3257 965 3318 Dc
980 3250 1195 3330 Ecclesiach

257 3339 354 3396 storiis
375 3339 453 3400 hanc
475 3341 620 3402 rationem
644 3343 738 3404 alieri.
773 3340 850 3401 Octo
872 3342 962 3402 horas
986 3340 1088 3402 Sancti
1108 3336 1195 3396 Patres
1245 3357 1246 3388 2

222 3425 225 3428 ’
256 3435 329 3495 prae
355 3423 464 3482 ceteris
488 3423 528 3482 ad
550 3424 730 3486 laudandum
753 3424 851 3485 Deum
873 3424 1054 3502 elegerunt,
1079 3417 1193 3480 mediam
1245 3391 1246 3463 l

258 3496 373 3559 scilicet
394 3509 513 3564 noctem
536 3504 725 3571 diluculum,
750 3506 896 3593 primam,
920 3505 1059 3576 tertiam,
1084 3507 1192 3563 seran,

257 3595 377 3649 nonam,
401 3601 553 3662 vesperas,
577 3595 609 3650 et
629 3588 872 3668 completorium.
896 3585 935 3649 Et
955 3603 1024 3648 curn
1040 3584 1193 3647 omnitem-
