2567 4042
618 165 845 238 *878ss

636 376 765 438 CAPUT
786 375 825 436 V.

480 555 522 600 br
543 557 684 613 rnatu,
707 558 808 602 sirm
830 558 872 600 ΒΤ
894 556 989 601 NONA.

297 700 323 762 l.
340 700 537 764 Orientalium
554 722 618 763 mos
633 710 714 775 erat,
732 704 810 765 diem
833 705 862 763 in
877 703 1035 763 duodecim
1051 703 1137 762 lroras
1151 721 1194 763 ae·

258 785 360 862 qualos
372 783 517 855 dividere,
525 803 599 862 quas
611 804 628 844 a
640 787 711 847 solis
721 795 790 847 ortu
799 804 894 862 usque
904 785 941 846 ad
954 803 1096 846 occasum
1106 803 1195 845 nume·

255 865 370 927 rabant.
389 863 493 926 Nonne
510 865 664 928 duodecim
677 880 747 928 erent
761 869 851 927 berae
865 865 942 927 diei?
957 869 1000 928 ait
1015 866 1100 928 lesus
1113 865 1191 927 Cirri-

258 955 322 1008 stus
345 950 373 1007 in
390 946 551 1025 Evangelio
566 951 646 1028 apud
662 950 806 1010 loannem
822 947 894 1028 Cap.
912 948 952 1010 ll.
970 949 1039 1009 Alio
1054 949 1116 1008 loco
1131 967 1194 1010 nero

258 1027 346 1089 Pater
357 1031 485 1090 familias
496 1033 587 1090 variis
602 1032 660 1100 diei
674 1033 755 1093 horis
765 1050 860 1115 usque
873 1032 909 1091 ad
920 1033 1118 1098 undecimam.
1133 1049 1194 1110 ope·

259 1112 398 1172 rariosin
414 1112 533 1174 vineam
550 1115 657 1183 mittit,
673 1121 761 1190 atque
783 1115 821 1172 ab
841 1127 934 1189 opere
947 1113 1120 1174 duodecima
1139 1132 1194 1174 ces·

259 1194 378 1254 sabant:
408 1193 499 1255 Circa
520 1194 710 1256 undecimum
724 1197 828 1255 Meam
842 1195 938 1257 Math.
951 1195 1024 1272 Cap.
1039 1195 1089 1256 10.
1104 1193 1195 1257 Horae

259 1274 335 1336 istae
350 1276 508 1353 longiores,
536 1282 588 1336 aut
602 1278 757 1338 breviores
771 1283 858 1338 erant
872 1297 926 1355 pro
944 1279 1062 1339 dierum
1079 1279 1196 1348 ratione,

259 1361 290 1417 et
305 1357 488 1420 brevissimis
504 1358 621 1436 hyemis
646 1359 751 1420 diebus
772 1360 929 1419 duodecim
951 1361 1197 1420 enumerabantur
1247 1388 1248 1397 ¹

259 1438 364 1510 horae,
385 1458 480 1516 aeque
495 1458 529 1500 ac
544 1441 721 1518 longissimis
734 1442 865 1502 aestatis.
882 1439 984 1502 Horae
999 1443 1074 1501 istae
1090 1441 1128 1500 ab
1143 1443 1198 1519 ipse
1247 1434 1248 1453 ¹

260 1538 356 1598 usque
372 1521 545 1600 synagogae
561 1527 698 1598 tempore
710 1523 847 1584 Orationi
863 1541 965 1584 sacrae
975 1529 1072 1590 erant,
1089 1524 1198 1601 ipsique

260 1603 392 1679 Apostoli
408 1604 490 1664 horis
506 1604 562 1664 illis
577 1607 714 1666 orabant.
731 1603 770 1665 Et
784 1623 817 1665 re
831 1606 953 1680 quidem
969 1623 1043 1664 vera
1057 1605 1135 1666 lrora
1149 1612 1199 1665 ter·

260 1685 302 1744 tia
326 1685 460 1763 Apostoli
483 1693 603 1747 orantes
628 1691 811 1765 acceperunt
835 1686 977 1762 Spiritum
994 1681 1149 1756 Sa'nctum,
1171 1692 1201 1748 ut

260 1763 292 1824 S.
309 1765 416 1827 Petrus
442 1772 567 1829 testatus
582 1775 629 1830 est
652 1767 718 1830 Act.
744 1768 817 1844 Cap.
834 1766 863 1826 ll
881 1786 912 1828 r.
932 1770 970 1828 16
984 1769 1104 1828 dicens:
1133 1768 1200 1831 Cen

260 1848 300 1909 eit
323 1849 398 1908 bora
422 1847 484 1908 diei
508 1851 613 1910 tertia.
629 1852 747 1912 Rursus
761 1848 829 1910 Act.
855 1846 928 1928 Cap.
945 1851 978 1912 X
1002 1868 1033 1909 v.
1056 1849 1077 1908 9
1102 1851 1201 1927 legitur

260 1930 338 2007 quod
354 1929 488 1990 ascendit
509 1929 613 1992 Petrus
634 1933 851 2015 inrepertum,
873 1941 1029 1992 attereret
1054 1933 1138 1993 cirea
1157 1933 1201 1992 lo·

260 2030 328 2072 ram
342 2021 468 2072 sectam.
496 2013 633 2091 Denique
648 2014 716 2074 Act.
744 2011 817 2091 Cap.
835 2011 877 2072 lll
892 2033 922 2074 v.
942 2016 954 2075 t
983 2014 1134 2074 babetur:
1156 2013 1204 2074 Pe·
1248 2030 1249 2063 t

260 2102 325 2154 trus
340 2103 451 2162 cotem,
470 2105 495 2154 et
510 2093 645 2156 Ioannes
666 2094 858 2156 ascendebant
876 2099 911 2157 in
936 2094 1096 2172 Templum·
1107 2095 1147 2154 ad
1160 2097 1203 2155 lo-
1248 2122 1249 2181 p

261 2194 329 2236 rann
355 2173 507 2237 Orationis
523 2196 645 2238 nonam.
672 2176 751 2238 Hinc
766 2176 965 2244 Tertullianus
986 2195 1037 2238 eas
1059 2177 1202 2254 Apostoli·

261 2275 310 2317 cas
322 2257 412 2318 horas
428 2259 569 2335 appellat,
587 2259 798 2336 tamqnamab
812 2258 1025 2334 Apostolorum
1042 2278 1129 2319 more
1142 2277 1203 2336 pro·
1248 2296 1249 2373 p

261 2340 365 2400 tectas.
381 2338 412 2398 S.
422 2336 591 2416 Cyprianus
608 2343 644 2401 de
659 2337 803 2401 Oratione
815 2339 974 2400 Dominiea
985 2342 1036 2400 ait:
1054 2341 1130 2400 bora
1144 2338 1204 2400 Ter·
1248 2376 1249 2387 ,

262 2422 307 2484 tia
320 2420 468 2481 orandum
481 2441 550 2492 ease,
567 2434 601 2483 at
613 2423 760 2502 Spiritum
772 2421 925 2489 Sanctam,
943 2424 996 2501 pai
1007 2424 1149 2483 neratde
1161 2421 1202 2481 de·
1248 2430 1249 2491 l

261 2501 423 2571 scanderat,
447 2523 635 2564 ueneremur:
654 2502 760 2571 Secta,
778 2501 855 2584 quod
880 2504 1013 2567 Christus
1033 2503 1129 2565 Cruci
1149 2502 1202 2586 apl·

261 2601 321 2645 aas
339 2585 388 2653 eit,
413 2597 502 2662 atque
524 2584 612 2647 Nona
632 2597 778 2646 mortuae.
1248 2588 1249 2603 ¹

302 2664 342 2726 ll.
355 2665 540 2728 Psalmorum
557 2669 707 2729 ternarius
719 2683 861 2730 numerus
873 2667 1020 2727 universis
1032 2664 1199 2732 Palestinae,

261 2746 507 2824 Mesopotamiae,
532 2751 682 2827 totiusque
707 2749 840 2810 Orientis
861 2748 1017 2808 Monachis
1038 2750 1135 2824 magis
1148 2749 1200 2826 pla·

262 2831 342 2899 cuit3
361 2831 499 2890 eumdem
517 2849 678 2901 numerum
695 2832 732 2892 ab
748 2832 795 2892 his
810 2835 991 2908 acceperunt
1006 2833 1036 2890 in
1047 2829 1199 2892 Occidente

262 2911 294 2973 S.
310 2912 506 2979 Benedictus.
524 2912 554 2972 S.
572 2912 836 2981 Columbanus„S.
853 2911 995 2979 Isidorus,
1017 2912 1049 2972 S.
1067 2910 1200 2976 Fructuo-

155 3029 160 3042 ·
262 3011 332 3063 sus;
356 2995 557 3072 eumdemque
573 2995 871 3070 praescribitllegula
887 2993 1041 3072 cujusdam
1057 2995 1095 3054 ad
1112 2996 1198 3056 Mona·

261 3075 347 3136 ulios.
361 3073 449 3138 Hunc
461 3095 622 3136 nnmerum
634 3078 797 3154 duplicavit
807 3075 1013 3144 S.Caesarius,
1028 3079 1197 3152 quodetiam

262 3157 336 3218 alios
357 3158 461 3220 iecisse
478 3160 542 3218 aliis
568 3161 596 3217 in
612 3161 772 3236 provinciis
797 3165 924 3219 testatur
936 3157 1105 3219 Cassianus.
1131 3159 1199 3220 Non·

262 3239 335 3298 nulli
358 3240 543 3302 Psalmorum
560 3258 719 3302 numerum
734 3242 817 3302 boris
832 3240 1059 3317 exaequabant,
1089 3249 1146 3302 tres
1167 3239 1198 3300 ad

261 3318 412 3392 Tertiam,
429 3341 480 3384 sex
498 3324 533 3383 ad
550 3323 683 3392 Sextam,
694 3342 803 3384 nonem
817 3323 854 3381 ad
870 3321 996 3390 Nonam,
1013 3321 1144 3383 Psalmos
1156 3324 1198 3384 de

263 3410 426 3464 cantantes.
453 3403 555 3465 Horae
571 3406 705 3482 singulae
729 3406 857 3483 aprime
873 3403 989 3466 Psalmo
1010 3406 1196 3484 incipiebant,

263 3485 299 3540 ut
312 3492 378 3544 ante
395 3483 506 3547 Pascha
523 3487 568 3556 nt,
582 3505 688 3548 verum
703 3486 735 3547 S.
746 3485 925 3548 Benedictus
940 3489 1072 3552 mandat,
1081 3495 1114 3548 ut
1127 3489 1197 3566 prius

264 3563 427 3635 recitetur,
445 3568 524 3628 Dece
538 3570 573 3630 in
586 3568 791 3650 adjutoriam,
813 3575 904 3648 atque
927 3569 993 3631 ideo
1013 3568 1196 3649 hujusmaris
