2567 4042
482 195 709 270 *0529st-

115 327 170 394 att,
194 325 312 402 quando
327 325 444 388 animae
466 327 504 387 ab
519 327 600 388 omni
615 345 713 404 poena
734 327 878 388 liberatae
891 324 955 388 Deo
970 323 1071 386 truen-

117 416 177 470 tur.
207 405 312 486 {ncipit
326 406 466 470 Officium
490 410 567 470 istud
590 410 727 470 absolute
748 411 812 470 sine
834 407 959 467 sobmni
981 407 1072 468 divini

116 487 260 568 adjutorii
283 491 468 551 invocatione
486 534 494 557 ‚
517 490 581 552 sine
603 489 813 554 Sanctissimae
834 483 988 549 Trinitatis
1009 489 1073 567 gie

118 571 306 640 rideatinne,
331 571 395 630 sine
417 571 690 640 benedictionibus.
714 573 839 649 aliisque
861 571 967 632 ritibus
990 572 1073 631 taeti-

119 655 193 714 tiam
209 653 482 729 instantibusque
499 661 532 714 ut
547 662 629 716 notat
640 655 809 732 Amatorius
824 651 936 712 Lib.lll
948 650 1020 730 Cap.
1032 649 1072 711 ta

117 735 154 794 ad
170 734 368 794 imitationem
381 737 479 811 agitur
491 735 678 804 Officiorum,
694 755 772 813 quae
783 740 913 812 aguntur
928 736 958 794 io
975 736 1073 796 morte

118 816 250 876 Domini.
277 816 402 877 Accedit
416 820 495 894 qrrnd
516 819 546 877 in
562 818 641 896 lege
666 818 769 888 Veteri
787 822 979 893 praeceptum
996 820 1072 885 erat,

120 909 155 957 ne
179 899 209 956 in
226 896 377 958 Sacrificio
393 914 448 975 pro
465 902 592 976 peccetis
608 903 710 962 oleum
726 901 855 960 lactitiae
870 906 902 960 et
924 899 1073 960 tlrussua-

117 980 218 1040 vitatis
240 980 501 1042 admiscerentur:
526 982 592 1060 iden
614 985 705 1043 etiam
728 983 757 1041 in
780 982 828 1043 his
851 998 974 1059 precum
997 979 1074 1040 obla·

119 1061 252 1121 tionibus
276 1078 329 1138 pro
357 1064 489 1138 peccatis
510 1072 701 1125 mortuarum
723 1066 825 1124 suavia
850 1063 981 1124 laetitiae
997 1060 1074 1121 Can·

118 1145 176 1203 tica
200 1144 372 1204 reticemus.
397 1141 568 1206 Nocturnae
590 1163 696 1222 preces
719 1146 813 1205 tribus
836 1144 980 1214 Psalmis,
1004 1143 1073 1204 toti·

117 1225 249 1300 demque
273 1225 449 1286 lectionibus
481 1230 511 1286 et
533 1225 741 1303 Responsoriis
763 1233 924 1292 constant,
954 1233 986 1284 ut
1007 1243 1074 1302 per-

117 1309 205 1382 cepta
228 1308 314 1366 venia
337 1313 529 1383 peecatorum
552 1309 653 1369 cordis
674 1311 734 1368 oris
748 1314 779 1368 et
800 1309 921 1385 operis,
943 1307 1074 1383 Angelo-

118 1403 188 1450 rum
211 1388 360 1448 consortio
382 1390 538 1468 aggregari
561 1398 746 1452 mereantur.
904 1458 910 1466 Ι

160 1468 216 1528 ΙΙΙ.
233 1468 374 1530 Officium
390 1471 607 1533 lleluoctorum
629 1491 685 1550 pro
700 1471 839 1531 omnibus
850 1470 1016 1548 generatim
1032 1468 1075 1528 di-

118 1553 198 1612 citur
221 1551 269 1612 die
293 1551 319 1611 ll
340 1551 539 1620 Novembris,
566 1570 633 1630 'qrro
656 1555 704 1614 die
726 1554 868 1629 inscripta
892 1551 1020 1611 liabetur
1047 1550 1075 1609 in

118 1633 307 1701 Calendario,
332 1639 422 1709 atque
444 1636 534 1696 etiam
560 1636 587 1694 in
603 1634 830 1714 Martyrologio,
857 1633 1075 1696 Commemora-

120 1715 162 1774 tio
186 1717 320 1776 omniurn
345 1715 479 1795 fidelium
506 1716 723 1792 defunctorum.
761 1716 873 1778 tticitur
896 1716 967 1775 item
989 1720 1075 1775 extra

119 1807 243 1872 tempus
265 1795 408 1858 Pasclrale
430 1799 527 1875 prima
550 1796 698 1876 cujusque
722 1800 830 1858 mensis
852 1799 918 1864 die,
941 1815 998 1856 non
1021 1797 1076 1855 im·

119 1879 222 1956 pedite
253 1877 328 1939 testo
352 1897 458 1940 novem
486 1881 660 1942 lectionum.
691 1880 724 1940 ln
746 1881 885 1939 Adventu
911 1886 1014 1939 autem
1046 1882 1077 1936 et

119 1959 378 2037 Quadragesima,
403 1962 478 2024 teria
500 1962 527 2022 ll
550 1960 708 2040 errjnslibet
728 1960 962 2028 hebdomadae,
993 1958 1077 2018 simi-

120 2043 191 2102 liter
209 2061 264 2101 non
281 2043 433 2122 impedita,
459 2052 670 2122 praeterquam
684 2045 714 2102 in
730 2043 869 2103 sanctiori
886 2039 1074 2102 hebdomada

119 2141 199 2201 quae
213 2122 335 2200 ‚Pascha
358 2127 522 2202 praecedit.
546 2125 591 2185 lta
613 2124 745 2185 Robrica
770 2124 842 2184 huic
863 2123 968 2185 Officio
992 2139 1076 2199 prae-

120 2206 228 2282 posita.
252 2204 390 2278 Quatuor
412 2215 548 2286 tempora
570 2208 758 2284 assignantur
783 2206 934 2269 altituali.
960 2205 988 2262 in
1011 2204 1076 2280 qui-

26 2331 34 2342 .
118 2287 177 2346 bus
200 2288 320 2348 recitari
343 2289 506 2354 debethoe
522 2290 656 2350 cilicium
678 2291 705 2349 in
722 2286 835 2348 Chore.
854 2286 893 2347 ln
916 2287 962 2345 die
984 2285 1077 2362 depo·

120 2369 254 2439 sitieris,
280 2370 308 2428 in
335 2373 434 2439 tertio,
460 2373 488 2432 in
510 2374 639 2450 septimo
662 2377 692 2431 et
713 2373 743 2431 in
766 2370 983 2430 anniversario.
1007 2367 1078 2429 Ilias

118 2451 310 2528 depositionis
331 2454 441 2514 dicitur
464 2453 533 2522 ille,
559 2455 587 2513 in
610 2471 669 2529 qno
691 2452 826 2513 Cadaver
841 2451 1011 2528 depositum
1028 2456 1074 2510 est

120 2535 151 2592 in
166 2529 312 2602 Ecclesia,
337 2535 384 2595 vel
405 2536 578 2612 sepulturae
595 2535 751 2606 traditum,
774 2540 806 2594 et
828 2534 1008 2611 quandoque
1023 2549 1077 2592 vo·

119 2619 207 2676 catur
229 2615 292 2675 dies
308 2616 416 2685 obitus,
442 2618 511 2692 qnia
529 2635 635 2695 parum
658 2617 747 2677 distat
768 2617 996 2692 adepositione,
1020 2631 1074 2674 seu

120 2696 287 2774 sepultura.
310 2693 571 2776 Quandocumque
585 2697 719 2758 Cadaver
736 2697 890 2758 deleratur
911 2697 948 2757 ad
970 2692 1077 2755 Eccle·
1137 2717 1140 2720 ⁴

99 2779 210 2849 siam,
235 2778 291 2838 dici
316 2783 412 2856 potest
434 2779 491 2840 hoc
514 2780 657 2840 cilicium.
680 2778 772 2840 Unice
794 2779 1010 2840 advertendum
1032 2783 1079 2838 est

119 2859 200 2936 quod
222 2861 247 2918 si
269 2879 356 2921 mane
379 2861 518 2927 dicatur,
543 2879 601 2921 non
616 2867 704 2922 erunt
725 2862 868 2922 dicendae
890 2859 1071 2937 vesperae,

120 2943 191 3018 quia
214 2943 342 3018 tempori
364 2955 421 3004 non
443 2945 626 3004 conveniunt
647 2961 684 3003 ex
700 2944 762 3020 ipsa
785 2944 913 3002 nominis
928 2939 1076 3018 significa·

123 3023 214 3083 tione.
239 3023 391 3102 Superest,
415 3030 449 3086 ut
463 3026 596 3087 dicamus
618 3025 655 3085 de
671 3024 836 3092 distortio,
860 3025 1003 3100 septimo,
1023 3023 1079 3084 tvi-

120 3107 237 3182 gesimo
259 3111 290 3165 et
311 3107 527 3167 anniversario.
552 3105 677 3168 Certum
709 3113 755 3168 est
782 3108 882 3182 itaque
903 3103 1076 3166 Ecclesiam

120 3189 297 3264 antiquitus,
315 3188 421 3250 diebus
437 3189 610 3268 hujusmodi
627 3189 820 3248 consuevisse
832 3186 1012 3264 particulare
1024 3184 1078 3246 ot-

122 3268 224 3330 iicium
248 3287 417 3346 peragere,
439 3289 474 3332 ac
499 3270 607 3331 Missas
629 3269 812 3340 celebrare,
840 3286 877 3330 ex
899 3267 973 3344 Cap.
1004 3267 1077 3346 quia

122 3353 187 3422 olii,
213 3370 242 3428 q.
266 3350 297 3409 2.
324 3350 392 3412 Dies
415 3354 521 3413 tertius
544 3353 731 3413 introductus
752 3356 798 3412 est
820 3351 857 3411 ad
880 3350 1078 3412 imitationem

121 3433 293 3510 sepulturae
309 3431 430 3500 Christi,
455 3441 485 3494 et
506 3435 536 3492 in
552 3435 728 3494 memoriam
744 3432 981 3494 Resurrectionis
995 3432 1077 3512 ejus·

122 3517 217 3582 dem,
242 3533 320 3591 quae
350 3516 438 3576 tertia
465 3516 514 3576 die
534 3517 646 3577 evenit.
679 3513 733 3576 llis
766 3516 894 3590 septimo
916 3513 1021 3575 Ollinia
1044 3520 1078 3575 et

122 3599 232 3658 Missae
244 3615 297 3675 pro
311 3598 438 3660 mortuis
453 3605 636 3676 peraguntur
651 3597 688 3658 ad
704 3597 954 3660 manilestaudam
969 3614 1076 3659 eorum
