2567 4042
503 222 728 294 ebibisti&

132 355 316 436 permissum
333 359 389 411 est.
406 349 542 426 Denique
565 351 595 412 in
618 350 683 410 aliis
704 351 788 417 locis,
806 350 835 408 in
850 349 959 426 quibus
973 347 1088 410 Confir-

130 437 225 497 matio
241 436 309 495 dets
325 452 341 492 a
357 433 569 495 Sacerdotibus
583 431 724 503 Graecis3
750 449 808 492 non
823 437 870 491 est
883 448 901 490 a
916 430 992 490 Sede
1007 430 1089 510 Apo·
1182 482 1186 488 .

41 523 52 544 “·
132 519 237 578 stolics
260 519 399 596 expresse
414 516 592 594 improbata,
616 533 652 574 es
673 533 729 592 pro
751 512 848 572 aalide
870 520 916 574 est
938 513 1087 585 babendo,

132 601 173 661 ob
197 599 321 660 tacitum
344 599 450 660 saltem
476 598 667 676 privilegium
698 614 716 654 a
739 596 816 658 Sede
838 595 1009 672 spostottca
1031 596 1089 657 illis

131 698 322 743 concessum.
432 737 437 746 ,
597 717 599 724 ·
677 696 684 706 ·

175 763 229 824 tlt.
254 759 328 822 Eam
356 761 447 822 luisse
473 760 545 820 olim
571 757 724 819 Ecclesiae
752 757 1024 828 consuetudinem,
1054 765 1089 819 ut

116 845 291 922 «baptizatis
313 844 412 903 statim
447 859 552 902 manus
581 843 788 918 imponeretur
815 843 852 900 ad
881 836 1091 918 accipiendum

128 926 279 1004 Spiritum
296 925 453 993 Sanctum,
478 925 619 983 nimirum
642 925 696 1000 ipsi
712 924 971 1000 consignarentur.
996 922 1089 1000 Cujus

134 1010 179 1068 rei
201 1008 292 1070 sidem
315 1011 428 1068 certam
452 1012 483 1065 et
505 1005 700 1070 indubitatam
717 1004 831 1064 iaciunt
853 1005 910 1064 non
926 1006 1015 1067 modo
1037 1003 1090 1064 Ri-

134 1090 230 1152 tuales
252 1089 335 1149 Libri
358 1095 388 1148 et
420 1085 630 1157 Pontificales;
666 1089 717 1147 sed
741 1086 845 1146 Pstres
871 1089 936 1147 fere
958 1106 1088 1163 omnes,

134 1173 256 1248 quibis
279 1173 314 1231 de
338 1171 429 1232 rebus
451 1171 648 1247 scripserunt.
671 1167 736 1228 Hos
758 1170 837 1228 inter
859 1171 1026 1247 principem
1049 1171 1089 1228 lo-

132 1263 205 1315 cum
229 1260 331 1315 tenere
353 1251 443 1314 debet
463 1235 671 1316 Terentianus,
695 1250 746 1327 qni
769 1253 796 1310 io
813 1250 915 1312 Libro:
932 1253 969 1310 de
984 1251 1090 1330 Bapti-

131 1355 196 1396 smo
216 1333 289 1412 Cap.
315 1333 373 1396 Vll
395 1344 426 1396 et
446 1332 518 1393 Vlll
541 1333 570 1392 id
592 1333 703 1393 diserte
725 1334 854 1392 asserit:
878 1332 1001 1411 Epressi
1013 1375 1021 1401 ‚
1046 1335 1091 1390 in·

133 1420 211 1494 quit,
236 1415 270 1477 dc
292 1417 412 1477 lauacro
428 1416 632 1495 percupimus·
654 1413 806 1474 benedicta
827 1416 977 1474 unctione.
997 1461 1004 1474 .
1021 1460 1028 1473 .
1047 1415 1092 1472 de·

133 1500 202 1560 ltine
224 1519 331 1560 manus
351 1501 517 1578 imponitur
534 1514 591 1576 per
611 1495 839 1558 interdictionem
860 1500 1004 1558 inuocans
1028 1495 1094 1577 Spi-

134 1581 232 1648 ritum,
254 1581 409 1643 Sanctum.
440 1579 470 1640 S.
495 1577 663 1658 Cyprianus
683 1577 819 1657 Epistola
842 1579 885 1638 70
915 1579 956 1637 ud
977 1575 1096 1640 Jnnun-

135 1661 219 1721 rium
248 1675 274 1722 et
295 1664 369 1722 alios
391 1662 549 1722 scribens:
577 1661 654 1740 unpi
680 1677 789 1720 necesse
816 1669 857 1719 cst
878 1680 944 1720 eum
971 1660 1024 1740 qui
1045 1661 1097 1719 bo·

130 1746 267 1820 ptizutus
289 1745 347 1813 sit,
371 1754 404 1803 ut
426 1751 543 1823 eccepto
566 1741 753 1808 Cirismnte,
777 1739 851 1802 idest
873 1744 1030 1812 unctione,
1055 1761 1096 1802 cs-

131 1835 291 1886 senectus
314 1826 371 1885 Dei
383 1870 391 1896 ,
416 1837 442 1886 et
464 1826 569 1885 iubere
590 1825 630 1886 iu·
646 1843 675 1884 se
696 1826 830 1901 pralium
855 1823 969 1886 Christi
984 1828 1091 1902 pessit.

134 1903 252 1968 Clarius
281 1906 439 1968 laodiceni
467 1906 590 1967 Consilii
618 1907 722 1966 Patres
744 1922 856 1966 canone
880 1904 944 1966 ts:
974 1903 1095 1984 Oportet

135 2007 183 2048 eos
210 1989 262 2066 qui
283 1989 501 2050 illuminantur
522 1993 589 2068 post
613 1987 791 2064 baptismum
813 1989 924 2069 inunpi
942 2006 1097 2066 superous·

134 2069 204 2130 lesti
228 2069 407 2132 Cirismcte.
431 2069 567 2145 Denique
590 2075 624 2128 ut
641 2068 848 2136 Ambrosium,
865 2067 955 2129 Libro
977 2065 1094 2148 chpss
1156 2064 1160 2072 ’

134 2154 234 2212 storiis
256 2150 329 2230 Cap.
354 2153 389 2221 7;
418 2151 667 2229 Hieronymum,
692 2150 820 2228 Dielopo
842 2151 985 2212 aduersus
1006 2147 1095 2210 Luci-

135 2235 288 2312 fniaoos;
309 2239 339 2294 ct
361 2235 435 2294 alios
457 2232 561 2311 plures
581 2233 741 2299 omittam,
766 2231 845 2292 bunc
868 2230 1021 2292 Ecclesiae
1042 2249 1094 2291 an-

137 2316 236 2393 tiquae
259 2333 375 2375 morem
392 2316 548 2392 perspicue
571 2313 756 2373 demonstrat
778 2312 808 2372 S.
825 2314 1010 2392 Augustinus
1025 2312 1094 2375 Scr-

135 2416 220 2457 monc
243 2395 302 2456 333
331 2397 380 2458 ubi
408 2399 445 2457 de
471 2397 600 2472 quodam
624 2411 720 2472 puero
741 2393 965 2457 Catechumeno
986 2395 1091 2456 deiun-

135 2485 200 2547 oto,
224 2479 341 2540 meritis
363 2486 395 2540 et
415 2477 627 2540 intercessione
650 2475 680 2536 S.
705 2473 848 2552 Stephani
870 2479 907 2538 sd
930 2478 1022 2538 vitam
1045 2496 1093 2538 re·

132 2560 245 2638 ducto,
270 2561 346 2621 haec
370 2561 481 2621 hebet:
509 2559 658 2621 Continuo
679 2558 749 2618 tulit
771 2560 859 2619 illum
881 2559 922 2618 od
945 2557 1093 2640 Presbyte-

134 2662 185 2703 ros
208 2641 365 2723 (mater),
390 2643 557 2722 baptizatus
579 2649 641 2710 est,
665 2641 872 2721 sanctificatus
897 2650 956 2709 cst,
986 2652 1092 2702 unctus

132 2734 200 2793 est,
223 2725 364 2802 imposita
386 2727 413 2784 ci
434 2740 541 2784 manus
564 2733 631 2787 est,
656 2722 805 2798 completis
827 2726 962 2783 omnibus
987 2722 1092 2784 Sacro·

135 2807 242 2866 mentis
265 2818 433 2886 assumptus
447 2814 498 2866 cst.
523 2803 588 2863 lam
610 2820 684 2862 vero
707 2821 771 2863 mos
792 2805 848 2866 iste
871 2824 928 2865 non
943 2806 1039 2865 solnm
1062 2807 1091 2865 in

135 2886 246 2950 adultis
268 2889 454 2956 servabatur,
471 2904 577 2946 verum
595 2887 685 2946 etiam
708 2885 737 2943 in
756 2886 913 2949 inlantium
930 2887 1087 2964 baptismo.

134 2971 326 3034 Innocentius
340 2969 354 3029 l
369 2967 536 3050 Epistola!
551 2965 596 3025 De
612 2967 825 3045 consipnuudis
844 2969 1012 3048 insentibus
1027 2985 1092 3028 mo·

133 3053 276 3132 misertum
299 3063 359 3120 est,
384 3071 443 3111 non
465 3049 606 3116 nlntio,
631 3051 780 3128 quom-ob
803 3049 945 3128 Episcopo
966 3050 1033 3129 ficri
1054 3051 1091 3110 li-

131 3135 314 3199 aeneidem
338 3136 447 3210 repetit
461 3130 625 3209 Gregorius
648 3130 714 3191 Lib.
733 3130 775 3191 lll
797 3130 870 3209 Cap.
889 3131 946 3192 lX.
969 3132 1089 3194 isthaec

133 3235 208 3278 rero
230 3217 417 3294 baptismum
450 3219 481 3274 et
501 3210 766 3274 confirmationem
793 3214 881 3275 simul
915 3213 1087 3283 confercndi

132 3298 321 3366 consuetudo
344 3295 388 3357 lx
412 3303 441 3358 et
463 3295 494 3356 X
515 3295 636 3356 saeculo
650 3295 815 3372 'paullatim
839 3295 991 3358 immutari
1023 3313 1089 3357 coe-

132 3381 200 3460 pit;
224 3383 317 3442 donec
334 3379 453 3440 tandem
467 3375 544 3438 xlii
566 3379 688 3438 ineunte
703 3376 861 3438 obsolevit.
886 3375 932 3437 Ex
947 3379 1007 3438 vita
1023 3378 1089 3455 qui·

132 3461 203 3523 dem
226 3464 255 3524 S.
273 3459 405 3524 Uldsrici
422 3453 586 3538 brrgustani
609 3463 702 3535 patet.
721 3461 916 3531 consuevisse
939 3461 1022 3521 illum
1045 3459 1089 3520 ie·
1183 3461 1185 3467 '

134 3544 179 3604 ria
195 3542 223 3605 11
239 3551 305 3624 post
320 3543 431 3605 Pascha
449 3551 516 3619 post
527 3549 655 3621 pernota
669 3536 835 3600 Missurum
849 3543 996 3602 solemnio
1010 3542 1090 3601 mul·

133 3625 295 3690 titudinem
313 3626 423 3706 populi
443 3625 508 3686 illic
530 3623 703 3703 conprepnti
723 3641 810 3683 sacro
834 3625 1001 3688 Cirismots
1018 3641 1090 3682 con-
