2567 4042
462 168 584 240 wll
606 176 668 240 ΘΙ·

91 299 202 360 mirrnri
223 297 396 373 possintne
416 298 544 361 habetur
565 316 602 359 en
623 297 754 361 Concilio
775 298 950 361 Tridentino
973 300 1041 365 See·

90 382 176 441 sione
195 378 306 442 XXlll
331 378 378 440 De
399 380 651 457 Reformotionc,
680 380 753 459 Cap.
777 380 849 443 Xll.
873 382 931 455 Qui
959 385 1040 445 enim

90 462 211 539 populis
242 462 399 523 illiteratos
431 461 634 542 praeficiunt,
659 464 747 525 docet
775 463 806 525 S.
830 462 890 525 Leo
912 462 1039 542 Magnus

90 542 229 622 Epistola
243 541 437 615 LXXXVII,
462 562 570 605 nocere
592 546 637 606 eis
652 546 761 623 potius,
779 562 871 621 quam
887 548 1036 621 prodesse.

90 624 162 687 Non
177 635 218 685 cet
238 626 290 685 lroc
305 628 453 687 consulere
464 626 595 706 populis,
612 624 663 686 sed
685 645 796 695 nocere,
812 646 865 687 nce
884 640 1040 706 proestare

91 711 234 785 regimen,
256 706 306 767 secl
329 727 438 785 crepere
461 708 633 769 discrimen.
656 708 695 770 Et
717 708 879 786 Gregorius
901 706 980 785 Papa
997 709 1041 770 tlt

90 792 118 851 in
140 790 329 866 praelatione
352 792 389 849 ad
411 808 465 851 sua
478 788 588 867 judicia
609 791 720 869 inqrrit:
738 792 773 853 Si
792 790 906 851 indocti
927 790 967 851 od
985 788 1042 851 Sc·

89 870 256 933 cordolium
283 872 517 950 proveheretur,
541 870 794 935 considerandum
822 884 886 939 cst,
910 871 984 951 qnid
1005 871 1040 934 cle

88 954 228 1032 propitiis
249 963 373 1030 apator,
389 952 510 1031 pnondo
532 953 598 1030 lupi
607 962 742 1033 pastores
756 953 841 1035 fiant.
865 952 959 1015 Recte
985 955 1044 1019 ita·⁴

89 1054 152 1111 que
172 1036 283 1095 docent
304 1037 437 1095 saniores
457 1033 599 1113 Theologi
630 1051 665 1093 ac
686 1034 827 1098 Canonici
842 1035 1042 1099 iurisconsul-

90 1120 122 1183 ti,
148 1135 207 1189 pon
230 1130 317 1195 posse
339 1116 498 1178 Summum
518 1115 695 1178 Pontificem
717 1120 746 1179 in
769 1114 943 1196 lrrrjusmodi
965 1119 1042 1179 irre·

88 1198 252 1277 gularitate
276 1198 463 1276 dispensare,
488 1201 560 1274 quia
582 1207 628 1259 est
651 1205 753 1261 eontra
773 1197 822 1277 jus
844 1200 990 1268 divinem,
1008 1205 1043 1261 ut

89 1281 222 1343 habetur
254 1278 351 1341 Ossae
379 1278 451 1357 Cap.
481 1280 523 1341 lV
552 1278 646 1342 lolio
674 1281 841 1343 Sacerdotis
872 1281 1042 1345 costodiunt

92 1363 266 1424 seientiam.
281 1358 428 1423 Homines
454 1362 609 1423 illiteratos
631 1365 671 1425 itu
693 1363 764 1424 olim
778 1363 881 1423 Patres
896 1382 930 1425 ac
942 1363 1042 1435 ¹Suru-

92 1446 134 1503 mi
157 1442 318 1507 Pontifices
339 1443 439 1503 Sacris
460 1445 624 1505 Ordinibus
646 1447 760 1521 ineptos
789 1444 983 1523 judicarunt,
1008 1449 1043 1505 ut
1092 1469 1095 1475 ·

90 1528 148 1598 iis,
172 1528 199 1587 si
220 1545 276 1604 per
291 1524 505 1587 Ordinatorum
527 1527 736 1605 negligentiam
759 1528 959 1603 intorsissent,
984 1523 1042 1588 Or-

90 1609 194 1669 dinum
218 1608 421 1669 functionibus
443 1610 676 1680 interdixerint,
699 1610 793 1669 donee
814 1610 1042 1669 convenientem

90 1689 200 1750 Ordiui
214 1690 374 1751 scientiam
395 1690 496 1767 adepti
517 1692 651 1752 luissern.

131 1771 189 1834 111.
206 1770 272 1831 Non
294 1771 390 1833 solnm
405 1769 559 1835 Ecclesiae
576 1774 710 1839 interest,
725 1776 763 1843 pt
777 1790 880 1833 omncs
901 1772 938 1833 ad
954 1788 1042 1849 quos·

90 1854 225 1931 euinque
253 1852 380 1915 Ordines
402 1855 596 1931 promovendi
618 1855 701 1933 prius
730 1854 965 1925 examinentur,
990 1852 1042 1913 sed

90 1938 226 1995 maxime
241 1934 336 1997 relert
350 1954 367 1997 a
381 1936 489 2013 quibus
501 1938 946 2016 examinentrrr.Episcoporum
961 1952 1043 2014 prae·
1152 1938 1155 1945 '

90 2019 197 2079 sertim
221 2035 331 2077 munus
353 2036 430 2085 esse,
449 2025 483 2080 ut
503 2018 682 2079 ordinandos
696 2018 877 2086 examinent,
894 2023 1042 2079 testantur
1092 2042 1094 2047 ·

75 2100 251 2159 'innumera
272 2099 363 2177 hujus
385 2101 429 2180 rei
451 2102 530 2177 apud
551 2097 710 2159 Pontifices
732 2098 884 2170 Summos,
897 2100 1040 2169 Consilia,

91 2198 125 2241 ac
148 2178 254 2242 Patres
275 2183 459 2244 testimonia.
475 2180 631 2244 Utautem
647 2179 764 2259 majori,
783 2188 816 2243 nt
829 2200 883 2260 par
899 2188 955 2249 est,
973 2199 1043 2241 cum

91 2263 283 2323 solemnitate
305 2280 431 2324 examen
454 2269 626 2342 peragatur,
639 2263 692 2324 sed
707 2265 798 2325 satius
813 2269 858 2325 est
873 2268 907 2323 ut
920 2264 1043 2340 Episco-

91 2345 291 2420 pus,adscitis
302 2346 402 2421 probis
415 2350 445 2407 et
460 2347 577 2407 selectis
587 2346 672 2414 viris,
688 2346 864 2405 ordinandos
879 2347 1040 2406 examinet.

51 2478 56 2489 .
93 2419 270 2504 Siquando,
283 2428 380 2505 iuquit
391 2425 556 2505 Gregorius
567 2426 693 2503 Magnus
705 2424 838 2507 Epistola
850 2424 889 2487 te
901 2428 936 2487 ad
949 2426 1043 2487 Adeo·
1153 2444 1156 2449 ·

94 2513 189 2570 tatum
211 2507 410 2587 Episcopum,
428 2509 463 2568 dc
483 2510 530 2569 tic
551 2504 728 2587 recipiendis
743 2506 860 2589 (nempe
882 2509 920 2569 nd
941 2524 1042 2571 sacros

93 2585 230 2672 Ordines)
255 2591 387 2652 erectori
408 2610 523 2651 necesse
544 2601 605 2657 cet,
628 2608 731 2668 praece
752 2603 942 2671 repertosque
962 2591 1042 2651 eirca

94 2674 226 2733 conciliis
246 2674 352 2733 nestris
366 2672 498 2732 odlilrcte
514 2671 684 2753 participor,
702 2680 730 2733 et
751 2691 819 2733 com
841 2673 880 2731 cie
894 2672 1044 2733 commoni

94 2752 130 2826 de
139 2754 190 2812 loc
201 2752 413 2893 dqilcrotione
421 2764 557 2835 pensate,
569 2752 737 2815 Concilium
749 2752 921 2817 Coloniense
936 2752 1008 2832 Cap.
1022 2752 1043 2813 2

94 2836 229 2895 examina
246 2853 314 2895 ores
336 2837 463 2912 requirit
479 2838 567 2913 pios,
593 2833 688 2897 doctos
710 2845 738 2896 et
761 2835 795 2895 de
817 2834 961 2897 Ecclesiae
972 2852 1044 2914 pro·
1091 2890 1094 2895 .

94 2918 174 2993 fecto
194 2917 349 2978 sollicitos.
373 2916 538 2979 Concilium
560 2915 747 2979 Nannetense
769 2916 842 2979 Can.
864 2917 893 2978 ll
909 2916 1044 2998 prodere·
1125 2993 1128 3000 Ι
1161 2930 1172 2937 ·’

96 3008 136 3056 tce
154 3001 247 3067 ciros,
269 3017 380 3076 pucros
400 2996 483 3079 Lupis
505 2999 634 3069 divinae,
659 3009 684 3061 et
707 3002 883 3061 enercitotoe
903 3000 938 3065 in
956 2998 1043 3059 cccle-

96 3079 221 3141 rioericic
241 3082 458 3159 functionibus.
487 3080 621 3143 Arbitrio
644 3078 782 3159 Episcopi
803 3082 1043 3143 examinatorum

96 3161 199 3221 electio
232 3163 356 3223 omnino
387 3164 577 3239 relinquitur.
602 3162 679 3223 Sane
700 3162 810 3225 debent
840 3164 890 3239 qrri
914 3161 949 3221 ad
973 3178 1044 3221 exa·

94 3259 165 3303 meo
187 3244 266 3303 istud
290 3246 494 3322 peragendum
515 3249 671 3315 vocentur,
687 3244 888 3324 Presbyterali
910 3259 1043 3323 praeser-

99 3324 149 3385 tim
170 3324 295 3394 Ordine,
318 3329 366 3387 vel
388 3327 494 3388 saltem
516 3324 668 3387 liiaeonali
690 3327 817 3405 insigniti
840 3344 916 3392 esse,
939 3328 974 3385 ut
996 3343 1043 3387 re·

97 3410 143 3545 ξε)
169 3407 258 3469 docet
279 3408 500 3471 eruditissimus
520 3405 676 3474 Halierius
705 3408 739 3468 de
761 3409 862 3470 Sacris
877 3406 1044 3469 ,Electc'oni

136 3505 198 3563 cp.
225 3488 296 3551 115.

138 3565 191 3629 lv.
214 3570 359 3645 Quamvis
379 3571 465 3651 juxta
479 3576 612 3640 veterem
634 3572 820 3649 disciplinam
842 3571 924 3631 varia
945 3573 1042 3633 esseut
