2567 4042
632 190 838 262 'ffli'lssiffl’

259 320 419 383 stantibus
441 322 571 400 Mystica
592 322 726 383 enarrati
748 322 824 381 ritus
839 320 1213 399 interpretatiomultipli-
1269 342 1270 367 t

258 406 335 465 citer
366 423 384 465 a
406 402 522 464 Sanctis
542 403 682 464 Patribus
699 403 864 464 edocetur.
888 401 919 463 S.
942 400 1051 463 Petrus
1072 402 1212 463 Damiaui

258 486 290 544 in
310 486 451 547 Sermone
466 488 570 563 primo
591 484 626 543 tle
648 482 866 555 Dedicatioae,
887 502 959 545 eam
982 484 1132 545 rationem
1157 490 1211 544 tra·
1267 556 1268 563 ἵ

254 566 326 627 'ditt
350 566 481 627 Ponitur
509 579 536 627 et
557 564 740 643 Eneapelica
757 566 875 646 papiae
906 584 994 645 super
1017 576 1107 645 caput
1128 566 1212 625 illius
1267 576 1270 613 l

256 650 468 718 recumbentis,
492 659 526 708 ut
546 648 636 709 uerbo
658 648 735 709 uitae
756 648 865 707 sentiat
887 647 1029 707 secedere
1050 647 1210 714 rationem,
1269 658 1270 695 l

258 740 285 791 et
306 733 388 791 oculi
403 734 466 811 ejus
487 729 626 810 deficiant
647 730 681 789 in
704 729 853 808 eloquium
869 728 936 789 Dei.
960 728 1096 789 Tandem
1118 734 1155 789 ut
1175 746 1210 789 ea
1268 746 1270 776 t

256 814 404 880 omittam,
418 829 496 888 quae
509 811 614 871 scribit
624 811 797 881 Durandus,
815 812 843 869 iu
858 827 914 871 suo
928 808 1088 871 Rationali
1101 810 1169 870 Lib.
1182 808 1209 870 ll

255 892 328 972 Cap.
346 892 412 963 x1;
435 892 558 953 Simeon
570 892 856 959 Thessalonicensis,
876 910 892 952 e
915 892 953 952 da
968 892 1061 951 seems
1081 888 1211 953 Ordine·

164 1046 170 1054 ,
256 974 383 1036 nonan
403 973 475 1052 Cap.
500 973 581 1046 Vll;
611 992 649 1035 ea
664 976 769 1051 inquit
789 976 905 1035 actione
929 971 1113 1051 significari,
1138 991 1208 1035 eum
1269 998 1270 1007 ¹

238 1058 307 1135 *qui
330 1058 360 1115 in
382 1054 564 1135 Episcopum
592 1062 810 1125 consecratur,
838 1055 994 1118 Christum
1016 1055 1124 1113 hahere
1148 1072 1207 1132 pro
1269 1076 1270 1105 t

257 1138 370 1218 capte,
394 1140 447 1216 qui
467 1138 567 1215 factus
588 1146 630 1197 est
652 1134 800 1198 Ecclesiae
822 1146 932 1216 caput,
958 1145 986 1196 et
1007 1135 1111 1195 omnia
1134 1152 1206 1215 quae
1269 1154 1270 1157 ¹

258 1218 371 1281 Christi
391 1231 471 1290 sant,
494 1220 584 1279 illum
606 1237 785 1296 capnoscere,
808 1233 981 1296 amnemque
1003 1218 1088 1277 iltius
1110 1219 1208 1295 capni-
1269 1238 1270 1263 t

255 1302 387 1370 thaam,
421 1310 569 1380 quantum
600 1302 668 1359 licet
694 1302 820 1371 hahere,
850 1315 919 1359 cum
945 1300 1153 1359 constituatur
1177 1300 1209 1357 ia
1269 1324 1270 1331 ¹

256 1400 290 1443 ea
312 1401 388 1462 quae
405 1383 616 1463 principatum
637 1384 702 1461 ejus
723 1391 883 1461 epectaut;
910 1398 1026 1440 amnem
1050 1390 1209 1459 praeterae

255 1476 407 1533 mentem,
432 1475 461 1524 et
488 1466 663 1532 rationem,
687 1472 713 1521 et
735 1480 836 1524 tensus
867 1461 1031 1523 secundum
1057 1462 1209 1523 Christum

255 1545 424 1627 affirmare,
441 1558 467 1607 ct
488 1543 703 1611 accomodare,
729 1561 853 1623 utruque
875 1544 1020 1603 camitem
1041 1543 1100 1603 laci
1124 1542 1208 1604 Chri·
1269 1570 1270 1577 ,

254 1630 292 1687 sti
308 1630 383 1707 jupo
403 1629 599 1695 submittere,
624 1626 757 1703 nihilque
779 1644 865 1703 apere
879 1634 1005 1703 ¹practer
1026 1626 1124 1701 ipsius
1144 1641 1206 1685 ten-
1269 1651 1270 1671 ,

255 1712 390 1776 tentiam,
414 1710 556 1785 quoniam
570 1706 736 1767 Ecclesiam
756 1709 851 1787 ipsius
872 1724 962 1786 super
982 1712 1074 1785 caput
1097 1714 1126 1764 et
1149 1722 1208 1764 cer·
1269 1733 1270 1747 ,

256 1792 347 1850 uicem
373 1806 432 1869 per
460 1789 660 1869 Eneapetium
689 1790 827 1869 suscepit.
851 1788 978 1865 Insuper
1005 1787 1205 1847 Consecratur
1269 1792 1270 1845 ξ

254 1876 287 1932 et
305 1872 477 1932 assistentes
499 1870 639 1950 Episcopi
661 1870 808 1931 ambabus
832 1869 969 1931 manibus
993 1874 1084 1946 caput
1106 1883 1207 1928 conse-
1234 1876 1237 1885 '
1266 1886 1270 1925 ε

254 1954 357 2013 orandi
386 1958 536 2031 tangunt,
559 1953 718 2012 diceutes:
743 1948 849 2033 Accipe
872 1952 1025 2032 Spiritum
1050 1948 1205 2027 Sanctum.
1269 1973 1270 2007 t

254 2032 358 2096 Ritum
379 2035 473 2105 hunc,
496 2042 644 2113 quantum
666 2033 704 2096 ad
726 2041 871 2095 manuum
893 2032 1119 2109 impositionem
1143 2030 1206 2091 atti·
1269 2058 1270 2088 ;

254 2122 315 2184 net,
338 2134 358 2176 a
380 2116 537 2195 synagoga
557 2118 588 2177 iu
610 2114 745 2175 Ecclesia
767 2116 938 2175 traductum
962 2120 1051 2189 atque
1073 2114 1112 2173 ab
1127 2113 1207 2190 Apo·
1269 2152 1270 2155 κ

254 2200 336 2261 stolis
368 2200 584 2269 observatum,
609 2203 647 2259 et·
663 2213 716 2273 per
739 2194 1062 2258 eorum'succcssores
1095 2195 1134 2255 ad
1156 2210 1206 2254 uos
1269 2230 1270 2235 κ

255 2282 443 2343 trasmissum
465 2280 578 2348 luisse,
601 2278 735 2339 ostendit
756 2280 834 2339 inter
856 2280 929 2339 alios
950 2276 1130 2337 Giulielmus
1152 2276 1207 2336 Be·

255 2363 394 2438 veregius
415 2362 451 2421 ad
474 2361 626 2423 Cononem
648 2361 781 2441 primum
805 2361 1019 2437 Apostolorum
1031 2378 1042 2428 3
1066 2363 1206 2436 notatque

255 2443 392 2503 Morinos
427 2444 465 2503 de
496 2442 600 2504 Sacris
634 2439 886 2501 ordinationibus
913 2440 1144 2502 ,minutatione
1174 2436 1211 2500 ΙΙ

257 2520 329 2600 Cap.
353 2523 367 2584 l
390 2529 451 2584 tam
473 2522 617 2592 Graecos,
634 2540 727 2599 quam
749 2524 871 2603 Latinos
893 2522 1000 2583 Libros
1018 2520 1206 2583 Pontificales

253 2611 372 2691 regeres
393 2613 424 2667 et
445 2606 628 2666 recentiores
656 2603 684 2663 in
707 2606 931 2667 consecratione
953 2601 1095 2682 Episcopi
1121 2620 1205 2681 prae·

255 2688 389 2746 scribere
404 2704 550 2749 manuum
564 2686 800 2763 impositioucm3
819 2689 880 2748 imo
902 2692 933 2747 et
948 2684 1072 2745 Sanctos
1086 2683 1204 2752 Patres,

256 2784 326 2829 cum
349 2764 546 2847 Episcopatus
568 2783 690 2827 causam
713 2769 858 2845 allegant,
883 2770 919 2829 ad
942 2784 1088 2827 manuum
1112 2768 1205 2843 impo-

254 2851 397 2911 sitionem
419 2850 593 2927 confugere,
616 2854 798 2927 semperque
820 2866 1039 2927 asserere,·per
1061 2864 1205 2912 manuum

256 2933 483 3011 impositionem
498 2933 630 3009 aliquem
642 2928 844 3008 Episcopatus
858 2932 983 3009 gratiam
996 2935 1203 2995 consecutum,

252 3015 302 3075 vel
325 3015 508 3085 ordinatum,
525 3014 575 3075 vel
597 3013 711 3073 lactum
734 3014 928 3092 Episcopum.
952 3012 1040 3073 Certe
1062 3028 1099 3071 ea
1114 3026 1204 3072 usum

252 3096 344 3157 luisse
365 3095 495 3159 Paulum
516 3097 546 3155 in
567 3094 758 3155 ordinatione
779 3095 948 3167 Timothei,
973 3097 1121 3154 testantur
1143 3110 1204 3153 am·

253 3176 308 3236 bae
330 3178 408 3239 illius
429 3178 554 3239 adeum
570 3176 699 3253 scriptae
715 3174 877 3253 Epistolae.
894 3177 1016 3251 Cpnstat
1037 3174 1131 3234 etiam
1150 3172 1205 3251 ipsi

253 3274 399 3319 manuum
423 3260 605 3338 impositioni
626 3257 809 3339 adscriptam
826 3256 918 3319 luisse
941 3258 978 3319 ab
1000 3256 1109 3317 eodem
1124 3254 1205 3331 Apo·

253 3338 329 3399 stolo
356 3346 388 3401 et
414 3358 432 3399 a
459 3344 553 3402 saeris
585 3339 695 3417 passim
724 3339 944 3416 scriptoribus,
974 3337 1204 3415 productionem

255 3422 368 3495 gratiae
383 3420 511 3499 Spiritus
525 3420 645 3489 Saneti3
657 3416 805 3479 Admoueo
821 3430 859 3490 te,
882 3421 978 3499 inquit
989 3418 1153 3498 Apostolus
1174 3418 1203 3477 in

253 3502 389 3579 Epistola
412 3502 443 3563 ll
464 3506 500 3566 ad
515 3502 721 3572 Timotheum,
734 3500 839 3581 Capite
855 3501 879 3576 1,
901 3512 937 3565 ut
957 3503 1113 3563 resuscites
1133 3514 1204 3579 pra·
