2567 4042
601 199 745 268 &22⁶2
766 206 826 266 we

237 333 307 390 dam
330 331 361 387 in
383 329 472 389 Festo
494 328 639 406 paschali.
658 326 773 400 Quarta
797 333 832 387 ut
850 319 1065 387 Calechumeni
1085 327 1120 385 ad
1135 327 1186 384 ba·

236 414 405 490 ptumum,
429 413 616 488 poenitentes
637 411 675 469 ad
697 408 913 472 absolutionem
935 407 1136 486 accipiendam
1155 425 1185 467 se

237 513 270 555 se
300 499 525 570 praepararent.
555 491 744 551 sicutenim
772 489 887 551 Pascha
916 493 1049 551 solemne
1076 496 1188 566 tempus

236 581 304 636 erat
324 574 501 634 admittendi
523 572 762 633 Catecbumenos
784 572 821 632 ad
844 572 1018 648 Baptisma‚
1043 575 1074 633 et
1094 572 1190 650 poeni·

238 662 333 718 tentes
367 661 432 732 post
463 656 599 732 expletas
630 655 832 730 poenitentiae
865 652 939 731 legis
973 654 1187 714 ecclesiastieae

238 757 274 801 co
308 737 443 797 munioni
471 735 675 804 restituendi;
709 736 750 794 ita
779 734 912 796 solemne
938 735 1189 812 Quadragesimac

236 757 386 900 peculum
409 820 444 878 ad
468 824 631 893 utrumqne
654 818 739 876 velut
760 819 948 894 praeparatio
971 823 1047 878 erat.
1065 813 1111 876 Ex
1130 816 1190 892 qui·

238 905 295 961 bus
319 900 391 959 illud
413 905 497 959 certo
518 907 641 966 statuas,
659 900 844 975 poenitentes
867 898 937 957 licet
958 916 1013 974 per
1037 902 1132 958 totum
1147 915 1191 956 an-

238 1001 312 1042 nnm
329 983 411 1040 statis
429 981 627 1057 poenitentiae
644 979 760 1056 legibus
782 977 902 1038 obnoxii
915 979 1038 1048 fuerint,
1055 997 1110 1058 per
1123 995 1191 1056 qua-

239 1063 447 1140 dragesimalis
468 1069 569 1124 tamen
589 1060 696 1140 jejunii
720 1061 960 1121 observationem
983 1062 1191 1123 vehementius

238 1145 440 1222 poenitentiae
463 1144 593 1222 agendae
615 1143 797 1210 incubuisse,
814 1161 866 1221 spe
882 1149 998 1226 erectos
1012 1144 1128 1204 vicinae
1144 1143 1191 1202 ab·
1256 1149 1257 1208 l

240 1226 406 1292 solutionis,
431 1242 485 1302 per
508 1224 660 1285 Pascbalis
682 1225 746 1284 dies
767 1225 957 1284 obtinendae·
973 1224 1042 1298 Quo
1058 1226 1110 1285 illa
1124 1223 1192 1287 Hie-

241 1309 360 1385 rooymi
385 1305 628 1386 (Commentario
655 1307 689 1364 in
713 1303 843 1385 Ionam)
866 1311 980 1383 spectat
1001 1307 1191 1366 observatio:

243 1389 516 1466 Quadrapenarias
537 1405 683 1449 numeros
705 1389 840 1446 convenit
856 1388 1084 1464 peccatoribus,
1108 1399 1135 1449 et
1151 1391 1193 1468 jc-

236 1471 334 1552 jonio,
359 1482 386 1529 et
407 1471 547 1538 molioni,
573 1480 601 1529 et
620 1487 704 1538 sacca
725 1477 752 1526 ct
773 1469 932 1546 lacrymis,
957 1479 984 1528 et
1004 1487 1194 1546 perseveran-

240 1555 301 1612 tiae
323 1550 513 1630 deprecandi.

281 1632 337 1692 lV.
360 1632 626 1710 Quadragcsimale
647 1630 795 1710 jejunium
819 1647 938 1710 semper
960 1633 990 1690 in
1005 1629 1142 1692 Ecclesia
1162 1649 1194 1691 ea

239 1718 357 1775 ratione
380 1713 448 1783 luit,
471 1722 505 1774 ut
525 1713 628 1773 fideles
651 1715 688 1772 ab
703 1713 784 1770 omni
806 1729 930 1788 prorsus
947 1713 1019 1772 cibo
1042 1714 1078 1772 ad
1095 1731 1193 1791 vespe

240 1814 306 1856 ram
340 1812 436 1871 usque
461 1797 656 1855 abstinerent.
681 1793 779 1854 Sancti
801 1793 902 1852 Basilii
924 1791 1061 1853 Hamilio
1088 1794 1136 1852 1.³
1161 1795 1193 1852 dc

239 1874 374 1957 Jejuno:
398 1876 546 1955 Eapectns
567 1895 735 1953 uesperam,
759 1876 876 1950 inquit,
900 1885 934 1934 at
957 1875 1054 1934 eibum
1076 1879 1186 1952 capias.

240 1957 272 2018 S.
296 1959 475 2018 Ambrosius
496 1960 533 2018 de
548 1956 622 2016 Elia
646 1966 671 2015 cl
692 1954 815 2035 Jajoaio
837 1953 908 2032 Cap.
933 1956 965 2017 X
989 1956 1191 2020 Christianum
1255 2005 1256 2038 3

239 2039 277 2100 ad
297 2039 444 2118 jejunium
461 2041 635 2106 adhortans,
654 2040 706 2098 ait:
725 2035 823 2116 Differ
840 2040 939 2114 epulas
955 2039 1189 2116 aliquantulam,
1255 2059 1256 2088 1

240 2140 301 2180 non
315 2126 397 2200 lanpe
420 2121 487 2200 pinis
503 2133 544 2181 est
559 2121 629 2178 dici.
645 2120 771 2180 Sanetus
785 2119 962 2180 Benedictus
977 2117 1049 2195 Cap.
1069 2119 1106 2178 tl
1125 2141 1192 2182 suae

239 2201 385 2282 Regulae:
403 2203 446 2262 Ab
461 2204 550 2263 initio
568 2200 834 2278 andrapeaimaa,
853 2201 958 2278 inquit,
982 2217 1074 2278 osque
1090 2202 1133 2260 ad
1144 2202 1193 2262 Pa·

240 2285 309 2346 scira
337 2286 379 2344 ad
402 2303 554 2364 uesperam
579 2283 730 2362 reficiant.
757 2280 841 2342 Idem
864 2287 980 2342 constat
1005 2301 1043 2342 ex
1071 2281 1101 2342 S.
1128 2284 1194 2345 Ber·

241 2367 326 2425 nardi
349 2367 493 2426 Sermone
515 2364 542 2422 V
564 2365 601 2426 de
620 2363 869 2440 Quadrapesima.
887 2361 1064 2434 Hactenus,
1088 2365 1191 2443 inquit,

242 2448 339 2526 [idest
359 2465 376 2505 a
399 2447 474 2506 testo
496 2447 622 2508 Sanctae
645 2445 751 2506 Crucis
774 2446 810 2504 ad
833 2444 1130 2525 Quadragesimam)
1153 2467 1194 2508 aa·

242 2547 298 2608 que
313 2528 354 2588 ad
369 2526 490 2588 Nonam
507 2528 713 2609 jejunavimus
734 2528 799 2596 soli,
823 2547 902 2586 nanc
923 2544 1015 2606 usqae
1037 2526 1079 2586 ad
1098 2529 1191 2610 Vespa·

243 2629 312 2669 ram
330 2611 511 2691 jejunabunt
533 2609 683 2668 nobiscnm
704 2611 848 2669 universi.
872 2609 956 2668 Idem
984 2609 1133 2686 probatur
1157 2627 1189 2670 ex

242 2692 392 2751 Monacbo
418 2691 519 2750 Sancti
541 2690 645 2755 Calli,
669 2689 735 2749 Lib.
761 2689 774 2748 1
804 2689 839 2749 da
864 2690 932 2752 Vita
960 2689 1065 2751 Caroli
1091 2689 1191 2772 Mapni

243 2769 317 2849 Cap.
343 2772 394 2841 12;
420 2791 459 2832 ea
480 2771 597 2852 Repola
618 2769 762 2849 Mapiatri
783 2769 856 2847 Cap.
880 2770 942 2841 aaa
969 2789 1007 2831 aa
1021 2769 1189 2852 Marciaco,

243 2853 278 2913 de
302 2856 387 2914 rebus
409 2852 625 2914 Ecclesiasticia
653 2871 719 2931 cap.
744 2851 795 2912 te,
820 2853 937 2914 Verum
966 2853 1084 2913 decimo
1112 2854 1191 2915 tertio

242 2937 360 2997 saeculo
382 2937 515 3007 ineunte,
540 2952 631 2995 verns
654 2941 684 2995 et
700 2936 860 2995 canonicus
879 2933 1033 3013 jejunandi
1056 2953 1123 2996 mos
1144 2938 1191 2994 im·

243 3025 379 3080 mutatus
401 3022 459 3085 est,
476 3024 506 3078 et
520 3017 596 3076 hora
610 3034 687 3076 nona
709 3018 784 3077 solvi
805 3025 944 3096 coeptum
962 3017 1052 3077 eliam
1077 3019 1106 3076 in
1122 3018 1192 3092 Qua·
1254 3023 1255 3098 g

243 3100 412 3177 dragesima
433 3096 597 3177 ieiunium.
613 3098 743 3176 Vigebal
765 3104 861 3159 aetate
877 3098 977 3159 Sancti
992 3097 1128 3160 Thomae
1148 3097 1190 3156 illa
1254 3099 1255 3170 l

243 3182 452 3250 consuetudo,
475 3186 508 3241 ut
528 3180 632 3240 videre
665 3185 711 3241 est
731 3179 867 3241 Secunda
899 3178 1053 3240 Secundae
1076 3178 1115 3253 Q.
1139 3176 1189 3240 lli
1254 3173 1255 3206 r

243 3269 301 3321 art.
325 3263 355 3322 7.
373 3262 507 3322 Tandem
530 3261 647 3322 labente
670 3264 790 3322 saeculo
811 3259 897 3329 XIV,
912 3261 948 3321 ad
971 3261 1130 3322 meridiem
1148 3260 1186 3338 je·

240 3343 359 3418 junium
379 3345 455 3403 solvi
476 3344 584 3418 coepit.
602 3341 679 3403 Cuu'r
701 3349 801 3403 autem
823 3342 861 3404 ad
882 3343 1041 3404 meridiem
1057 3343 1185 3406 comede-

243 3421 351 3490 retur',
376 3441 475 3500 neque
496 3425 633 3484 valerent
647 3425 809 3484 Christiani
832 3425 869 3484 ad
892 3424 980 3484 aliam
1003 3424 1083 3484 diem
1107 3439 1185 3500 pran-

243 3503 329 3563 dium
351 3503 494 3571 dilierre,
518 3505 629 3564 sensim
653 3512 720 3582 post
741 3520 897 3582 vesperam
921 3505 1033 3584 aliquid
1049 3506 1186 3566 indultum

245 3590 292 3644 est
312 3584 369 3643 cibi
386 3591 477 3660 ablue
500 3591 600 3660 potus,
617 3586 647 3644 id
663 3587 741 3662 quod
757 3588 926 3649 relectionis
949 3605 1007 3648 non
1021 3605 1130 3653 coenae
1144 3601 1188 3644 no·
