2567 4042
551 162 756 267 mittit&

184 290 297 369 loseph
312 288 453 351 Catalano
475 306 545 351 eum
567 291 692 371 prolixis
713 290 936 351 commentariis
960 290 1054 359 edidit
1074 288 1136 355 Ro·

186 390 253 433 mae
275 371 566 434 leCCXXXVlll.
584 372 661 434 ltem
676 374 853 433 Benedictus
868 370 943 431 xlv
958 370 1134 435 Pontificale

185 456 311 523 emisit,
341 457 506 517 excudente
534 456 688 518 Generosa
722 452 882 515 Salamoni.
907 452 1057 533 Insignem
1079 454 1135 516 ha-

186 536 259 598 bent
286 535 395 597 Graeci
417 536 543 598 librum
565 536 782 597 Pontificalem.
803 533 849 594 En
872 534 1015 595 titulum:
1039 533 1134 598 Isasci

184 616 309 679 liuberti
331 640 569 697 αρχιερατικοι,
593 621 837 687 archieraticam
858 613 945 677 Lteer
966 615 1135 699 Pontifica-

184 702 222 761 lis
244 700 392 761 Ecclesiae
424 701 558 765 Graecae
579 720 660 760 nnnc
684 702 820 781 priosum
844 717 883 757 ea
904 700 996 778 sepiis
1024 717 1133 761 menn·

184 784 302 877 seriptis
324 782 533 861 Estcholopiis,
559 784 687 861 aliisque
712 782 930 877 probatissimis
959 799 1135 841 monumen-

184 864 224 925 tis
245 866 383 925 collectas
404 865 504 924 tatano
525 864 796 942 interpretatione,
820 862 916 931 notis,
939 880 975 921 ac
997 864 1134 925 obserua-

185 946 314 1006 tionibus
336 946 525 1025 antiquitatis
547 945 770 1007 Ecclesiasticae
786 944 967 1023 plenissimis
995 944 1135 1005 illustra-

184 1037 254 1098 tus,
276 1028 397 1087 Parisiis
419 1026 606 1089 Mucxhttl
628 1026 680 1087 lol.
704 1024 770 1086 llos
792 1044 867 1103 opus
899 1028 929 1085 in
952 1043 1058 1104 magna
1088 1032 1134 1087 est

185 1109 264 1187 aptrd
285 1109 418 1170 studites
437 1110 522 1169 viros
542 1109 774 1174 existimatione,
792 1107 870 1184 iique
892 1108 944 1185 qui
960 1109 1132 1169 adcuratio-
1176 1136 1180 1147 ·

183 1207 247 1250 rem
270 1191 430 1267 quamdam
453 1190 568 1251 rituum
590 1189 776 1251 Graecorum
800 1188 1137 1267 notitiamcomparare

184 1272 240 1331 sibi
262 1272 364 1341 velint,
389 1289 493 1332 carere
515 1271 563 1332 illo
585 1274 635 1332 vix
657 1278 790 1351 possunt.

546 1432 674 1497 CAPUT
694 1432 762 1494 Vll.

280 1614 438 1659 Lluunutcl
460 1616 651 1661 dunstanum
673 1612 757 1659 blunt
780 1613 1036 1659 rsncunsunwlt.

172 1761 174 1764 ’
224 1759 248 1819 l.
273 1761 456 1822 Graecorum
471 1758 672 1822 Ecclesiastici
687 1759 770 1820 Libri
786 1761 886 1839 plures
909 1777 961 1820 nec
977 1762 1133 1839 uuiusge-

174 1842 264 1911 ⁴neris
286 1850 365 1903 sunt
389 1840 552 1919 Egregium
575 1844 612 1904 de
634 1841 691 1903 illis
712 1844 991 1911 commentarium,
1005 1842 1131 1903 Parisiis

182 1940 259 1983 anno
283 1921 374 2020 fflfflb
390 1942 407 1983 a
423 1924 593 1985 doctissimo
607 1924 707 1984 Leone
724 1924 834 1986 Allatio
850 1925 1022 1997 habuimus,
1039 1943 1131 2003 quem

181 2003 350 2084 Hamburgi
372 2004 501 2069 loannes
516 2006 660 2068 Albertus
675 2002 830 2067 Fabricius
851 2008 888 2067 ad
904 2009 1019 2068 calcem
1034 2008 1131 2083 quinti

176 2087 383 2149 Bibliothecae
403 2086 519 2151 Grccae
535 2089 695 2150 voluminis
718 2089 822 2149 recudi
836 2087 934 2167 jussit.
953 2090 1131 2149 Breviorem

182 2171 288 2232 deinde
304 2172 340 2233 de
355 2189 392 2233 ea
406 2190 450 2241 re,
475 2173 504 2230 in
527 2171 630 2231 multis
652 2178 751 2231 tamen
774 2171 990 2232 accuratiorem
1013 2169 1133 2231 Guliel-

181 2270 249 2314 mus
278 2250 357 2313 Cute
386 2252 442 2312 sub
464 2251 617 2313 Historiae
639 2270 712 2312 suae
735 2252 896 2313 litterariae
919 2251 1010 2315 firrem
1038 2252 1133 2313 edidit

181 2315 431 2396 dissertationem.
448 2352 538 2411 quam
554 2332 705 2394 liebertus
726 2332 826 2394 Sala
819 2354 847 2393 ιιι
865 2332 1031 2413 Appendice
1050 2332 1133 2393 Tomi

140 2427 142 2432 '
181 2416 303 2475 secundi
316 2414 429 2475 Rerum
443 2412 669 2493 litarpicaram
681 2412 840 2475 Cardinalis
856 2416 968 2489 Ranae,
983 2417 1061 2495 typis
1075 2417 1134 2477 ite-

181 2515 249 2557 rum
270 2498 399 2575 exprimi
421 2498 549 2557 curavit
572 2495 710 2556 Primum
732 2502 901 2571 Αναγιωσιε
916 2519 970 2561 seu
989 2505 1133 2571 Αιαγιω-

68 2594 72 2602 ·
181 2594 295 2650 σματα,
312 2576 490 2659 tnapnosis,
513 2578 674 2657 appellant,
699 2597 788 2656 quem
810 2578 908 2641 Latini
928 2580 1079 2643 Lectiones
1101 2588 1135 2641 et

179 2652 403 2723 lectionarium
433 2665 657 2739 nuncuparunt
680 2660 795 2740 Nempe
817 2680 910 2738 quum
943 2666 973 2723 in
995 2661 1132 2723 Ecclesia

178 2742 295 2804 Graeca
328 2762 366 2804 cx
399 2744 521 2819 antiqua
545 2745 758 2805 consuetudine
792 2762 850 2804 nou
870 2744 989 2807 Notum
1017 2744 1134 2805 solum-

179 2826 280 2890 modo,
305 2826 357 2885 sed
379 2826 469 2885 etiam
492 2824 590 2885 Vetus
611 2822 860 2893 Testamentum,
883 2827 955 2887 dum
978 2826 1109 2888 divina
1100 2844 1133 2885 ru

154 2974 156 2978 ¹
178 2905 304 2985 Templo
330 2911 514 2985 peraguntur
534 2905 658 2977 officia,
683 2908 854 2977 recitetur,
879 2915 979 2985 partes
1001 2926 1051 2969 eas
1072 2924 1130 2969 seu

175 2990 313 3066 'segmina
334 3009 372 3050 ex
396 2988 579 3049 Testamenti
603 2988 723 3050 Veteris
739 2987 847 3061 Libris,
866 2992 933 3051 anni
949 2992 1055 3053 diebus
1075 3005 1134 3050 va-

179 3071 232 3139 riis
258 3090 311 3149 pru
332 3072 493 3132 Fastorum
514 3070 703 3133 solemnitate
725 3072 942 3149 adsignatam
966 3091 1059 3134 unum
1081 3088 1134 3133 re

178 3152 324 3228 degerunt
339 3154 493 3224 volumen,
511 3157 543 3211 ut
564 3150 682 3212 lucilius
711 3154 957 3233 commodiusque
980 3173 1054 3251 prae
1067 3170 1132 3214 ma-

179 3234 266 3293 nibus
289 3234 486 3296 haberentur.
502 3232 620 3294 Prostat
634 3234 683 3293 hic
701 3236 776 3295 liber
791 3234 876 3297 MSS.
891 3236 1001 3331 passim
1019 3238 1048 3297 in
1064 3234 1133 3296 Mo-

178 3316 314 3377 nasteriis
335 3314 535 3386 Graecorum,
560 3321 591 3377 ct
611 3316 799 3395 potissimum
823 3319 852 3377 iu
868 3318 1054 3380 Bibliotheca
1069 3316 1135 3379 Va·

176 3398 286 3458 tisana.
302 3403 495 3466 Annaeohos,
509 3395 669 3477 Apostolos,
686 3417 740 3461 seu
755 3400 814 3459 ut
806 3418 834 3458 m
851 3396 1038 3479 Euchologio
1053 3400 1133 3461 Goa-

176 3497 262 3538 riano
285 3499 314 3557 p
330 3476 392 3539 238
414 3484 549 3546 vocatur,
566 3484 774 3572 Aproenobrsos
790 3482 923 3553 Βιβλιοι,
942 3478 1135 3559 Apostolicon

176 3559 309 3635 biblion,
319 3560 407 3643 cujus
422 3561 519 3641 potior
533 3558 695 3643 majorque
710 3580 778 3643 pars
790 3580 827 3625 ex
839 3560 979 3643 Epistolis
992 3564 1133 3645 Apostoli
