2567 4042
504 160 732 233 mdlllffl·

8 321 18 363 3
134 289 340 371 gnificandum
362 288 514 352 Ecclesiae
536 291 743 363 desiderium3
767 298 801 355 ut
822 292 915 372 gloria
937 296 1053 357 scilicet
1077 314 1095 357 a

8 408 18 448 a
62 416 68 425 ·
138 392 173 435 se
188 373 326 433 Trinitati
348 373 428 447 data,
452 391 519 433 eam
542 392 577 435 re
599 374 663 452 ipsa
685 373 848 451 glorificem
872 378 1097 439 verbumenim

8 457 19 529 ’,ζ
135 453 236 515 Arnen
256 456 421 515 haebreum
445 462 502 525 est,
526 456 615 531 quod,
628 454 777 533 signifieat
797 461 842 519 ita
857 470 907 529 est,
923 460 971 522 rel
988 460 1032 520 ita
1047 462 1097 541 sit,

8 573 18 614 5
137 542 246 613 estque
268 538 474 613 comprobatio
496 555 616 606 eorum,
640 556 717 615 quae
737 540 819 601 dicta
841 547 926 613 sunt,
950 547 1040 619 atque
1064 547 1099 603 ut

133 619 296 695 expleatur
310 619 505 680 desiderium.
519 616 628 680 Cetera
650 621 686 681 ad
711 621 789 681 hanc
804 640 910 683 vocem
934 624 1097 701 spectantia

139 702 232 761 tradit
252 702 428 763 Graecolas.

8 825 18 863 ,
180 781 237 843 lll.
262 780 406 863 Allelaja
429 800 484 844 seu
501 778 706 863 Balleia-jair,
731 786 845 847 scilicet
859 785 980 847 landate
993 786 1097 847 Domi-

9 911 18 933 ,
132 882 224 924 num.
248 864 283 924 ln
307 864 505 941 quorumdam
528 862 717 926 Psalmorum
746 868 829 927 initio
857 869 906 929 vel
928 866 987 929 fine
1016 872 1098 929 inve·

8 992 20 1017 2.
137 946 233 1007 nitur.
258 944 390 1026 Allelaja
414 946 598 1005 solemnibus
619 946 765 1023 festisque
788 950 891 1010 diebus
906 952 1095 1012 cantabatur.

138 1025 201 1087 Per
215 1030 292 1088 aicae
307 1033 370 1109 ejas
385 1026 576 1087 Hierusalem
592 1028 719 1109 alleluja
733 1030 915 1101 cantabitur,
934 1032 976 1091 ait
987 1032 1097 1093 Tobiae

15 1106 19 1113 '
138 1107 216 1186 Cap.
239 1109 315 1172 Xlll
337 1128 367 1168 v.
393 1109 439 1169 12
455 1110 583 1184 loquens
600 1110 639 1169 de
662 1108 883 1189 Hierosolymis
905 1112 1099 1175 reaedifican-

8 1222 21 1262 Ξ,
134 1189 196 1250 dis.
221 1191 252 1252 S.
270 1192 395 1251 loannes
417 1191 447 1248 in
464 1191 645 1268 Apocalypsi
668 1189 741 1269 Cap.
759 1192 839 1253 XlX
860 1195 927 1263 v.1
952 1196 970 1253 3
994 1189 1096 1273 plure's

138 1272 228 1333 tubas
250 1274 385 1336 incaelo
407 1274 531 1353 alleluja
564 1273 732 1335 occinentes
756 1292 787 1335 se
817 1276 935 1335 audisse
958 1283 1097 1338 testatur.

16 1391 18 1398 ·
137 1350 223 1416 Idem
246 1360 337 1419 etiam
360 1354 596 1430 vigintiquatuor
611 1355 764 1427 seniores,
788 1364 856 1417 ante
877 1356 1099 1435 Omnipotentls

133 1438 241 1497 sedern
265 1438 418 1516 prostrati,
445 1435 631 1513 repetebant.
655 1434 811 1499 Canticum
834 1434 892 1499 boc
914 1440 1044 1501 laetitiae
1066 1446 1098 1503 el

137 1516 236 1579 laudis
257 1519 444 1598 aSynagoga
466 1520 503 1578 ad
526 1516 693 1578 Ecclesiam
718 1522 845 1580 transiit.
870 1520 949 1583 Dum
972 1522 1099 1583 Sanctae

13 1600 20 1660 ‘1
137 1598 281 1662 Fabiolae
303 1602 531 1680 parentabatur‚
556 1600 711 1673 Sonabant
725 1598 852 1671 Psalmi,
877 1612 904 1663 et
926 1612 1037 1665 aurata
1057 1612 1099 1664 te·

134 1691 188 1743 eta
206 1680 388 1761 sl'emploram
404 1682 576 1752 reboantia
590 1683 716 1742 muliare
730 1685 881 1762 quatiebat
897 1686 1032 1767 alleluja,
1052 1686 1098 1748 ait

133 1763 172 1828 S.
195 1762 402 1845 Hieronymus
426 1766 454 1823 in
476 1765 560 1824 obilu
584 1761 736 1824 Dabiolae.
761 1763 927 1827 Palestinae
954 1768 1095 1830 lllonacbi

15 1905 18 1914 ,
137 1852 257 1907 cantato
273 1846 471 1927 alleluja,ad
485 1844 601 1921 vigilias
624 1850 786 1907 nocturnas
808 1850 1024 1912 excitabantur.
1049 1848 1094 1911 Ea

135 1929 175 1998 in¹
191 1928 250 1989 hoc
271 1929 364 1990 verbo
385 1928 430 1987 vis
451 1928 566 1994 elucet,
589 1932 624 1986 ut
646 1928 675 1987 in
698 1929 811 1988 nullum
836 1930 945 1990 idioma
968 1931 1095 1992 transle-

9 1985 19 2025 Ἰ
137 2010 266 2073 rendum
282 2011 454 2087 putaverint
468 2009 658 2083 interpretes,
684 2026 720 2069 ne
744 2008 821 2071 illius
837 2012 963 2071 dulcedo
981 2014 1097 2074 minue-

138 2099 234 2154 retur.
252 2091 440 2153 Divusenim
454 2089 584 2149 isidorus
596 2089 687 2150 Libro
706 2090 746 2152 Vl
761 2090 833 2171 Cap.
851 2092 900 2163 19,
917 2095 969 2154 ait:
987 2092 1092 2164 Amen,

135 2184 168 2234 et
190 2173 320 2256 Allelay’a
340 2181 533 2233 sacrosancta
554 2180 645 2241 aunt,
668 2182 702 2233 at
723 2175 815 2233 eliam
835 2174 982 2235 lebannes
1004 2176 1097 2253 refert

8 2235 16 2274 ἓ
120 2257 258 2328 ⁴audisse
273 2258 407 2315 caelestes
423 2254 575 2313 exercitae
591 2252 759 2315 dicentium
774 2254 879 2327 Amen,
904 2266 931 2317 et
946 2254 1091 2338 Alleluja,

136 2358 173 2399 ae
182 2341 300 2420 peritae
315 2338 357 2397 sic
371 2338 505 2396 interris
519 2344 631 2415 oportet
645 2344 775 2415 utraque
792 2337 859 2407 diei,
877 2340 951 2399 sient
967 2340 1095 2399 incaelo

136 2430 291 2481 resonant.
315 2416 449 2479 llcclesia
472 2416 563 2495 liujus
577 2414 685 2476 cantici
708 2436 796 2478 usum
814 2420 999 2498 temporibus
1022 2440 1094 2497 poe-

138 2505 281 2564 nitentiae
305 2500 498 2566 constitutis,
528 2505 559 2558 el
580 2501 609 2558 in
632 2502 831 2560 caeremoniis
853 2503 1029 2563 funebribus
1050 2504 1096 2563 in-

139 2587 274 2646 terdixit.
300 2582 502 2643 Nihilominus
524 2582 553 2640 in
575 2581 668 2640 Missa
691 2581 921 2653 Defunctoram
945 2582 1031 2661 juxta
1044 2583 1096 2643 Ri-

139 2670 206 2727 tum
226 2666 446 2729 Mazarabum,
480 2662 516 2721 ad
538 2660 698 2723 lutroitum
721 2663 851 2723 dicitur:
881 2662 923 2725 Tu
949 2685 976 2725 cs
996 2667 1096 2742 portio
1178 2730 1183 2736 ,

140 2764 217 2818 mea,
245 2746 383 2814 Domine,
407 2746 555 2824 alleluja:
579 2746 614 2802 in
639 2754 721 2803 terro
745 2746 918 2817 nicentium,
946 2746 1093 2828 alleluja,

139 2830 276 2911 alleluja.
300 2829 471 2888 Amalarius
494 2826 559 2885 Lib.
577 2824 621 2885 lll
644 2825 795 2902 Cap.'13:
820 2825 962 2907 Alleluia,
986 2830 1091 2905 lnquit,

140 2911 220 2990 qaod
244 2919 388 2969 cantatur
408 2906 672 2967 inreeordatione
700 2919 838 2968 aeternae
862 2910 1004 2978 lactitiae,
1032 2920 1096 2969 tane

139 2993 287 3053 laetitiam
302 2994 470 3055 electorum,
489 3008 580 3067 qnam
595 2986 716 3047 laudem
729 2989 853 3049 Domini
868 2990 1095 3052 admemoriam

137 3072 262 3135 redeat.
288 3073 428 3133 Paulinus
443 3068 577 3146 Epistola
593 3069 631 3129 18
654 3068 691 3129 de
712 3070 817 3130 eadem
834 3088 907 3131 voce
931 3073 972 3131 sie
995 3074 1091 3134 canit:

220 3199 301 3260 Hinc
319 3177 423 3260 senior
447 3200 544 3258 seciae
566 3196 731 3276 conyoadet
753 3200 843 3258 turba
864 3208 1021 3271 cateruae,

261 3281 391 3361 Alleluja
413 3283 498 3341 noeis
522 3281 606 3340 balat
625 3279 698 3339 anile
721 3280 831 3341 altoris.

136 3407 270 3469 infantes
293 3408 346 3485 ipsi
381 3410 409 3466 in
432 3408 509 3469 banc
535 3426 641 3469 vocem
666 3406 796 3485 linguam
819 3408 950 3485 primum
973 3409 1091 3470 solvere

132 3490 333 3566 docebantur.
359 3488 518 3569 Agricolae
534 3491 679 3550 rusticum
697 3507 771 3565 opus
786 3498 908 3567 agentes
923 3508 959 3550 eo
975 3492 1091 3551 cantico

136 3564 250 3632 laboris
267 3572 440 3649 gmolestiam
455 3571 663 3649 allelujabant.
681 3570 712 3632 S.
730 3569 899 3633 Germanus
915 3570 1092 3633 Parisiensis
