2567 4042
477 192 741 290 ..ineram

492 421 618 484 annus
641 399 684 486 x'.

111 607 152 648 Dii
169 603 370 650 snttcrtsstttu
387 603 618 663 udcflantsrtnn
640 603 869 652 §denuntiatam
897 605 938 649 ET
954 605 996 647 DE
1012 605 1067 647 OR-

248 687 324 728 DlNli
341 685 546 728 hilillSTlthDl
563 685 683 729 SACRAM
699 685 941 729 [OlibiCiith'EM.

152 831 174 890 l.
199 831 409 892 Eucharistiae
431 829 672 896 Sacramentum,
697 849 757 906 quo
780 829 853 888 nihil
876 832 904 889 in
926 828 1063 893 Ecclesia

112 912 208 994 majus
230 921 282 975 ant
296 913 449 990 angustius
471 919 527 982 est,
551 914 642 972 variis
664 914 743 988 apud
760 919 879 974 veteres
895 913 1066 972 nominibus
1125 956 1128 964 .

108 994 239 1070 exprimi
269 995 426 1057 consuevit
444 1013 459 1054 ε,
482 992 800 1058 εο,1,.9Ευοὶιειτίεῐῑ3
818 1038 833 1064 ,
864 994 942 1070 quod
973 995 1064 1055 latine

110 1079 189 1138 idem
212 1076 358 1151 estquod
381 1073 465 1134 Bona
480 1076 591 1153 qratia,
615 1077 662 1135 vel
684 1075 856 1154 oratiarum
878 1076 967 1135 actio.
993 1074 1065 1138 Coa·

109 1161 181 1220 leste
206 1156 382 1219 Conuiuium
400 1156 460 1216 -hoc
483 1157 707 1218 Sacramentum
732 1163 855 1217 vocatur
889 1175 906 1215 a
934 1156 966 1216 S.
990 1158 1064 1216 Am·

16 1273 18 1277 ,
111 1239 222 1308 brosio,
247 1237 336 1298 Libro
358 1237 392 1296 dc
408 1239 451 1299 lais
474 1239 527 1317 qai
542 1237 694 1318 Mystcriis
713 1239 879 1298 initiantur
894 1237 967 1314 Cap.
979 1235 1061 1298 Vill.

109 1319 243 1384 Mensam
265 1318 387 1394 Domini
399 1364 406 1388 ,
430 1318 566 1381 Mensam
589 1320 736 1387 diuinam,
760 1315 901 1389 Mensam
917 1319 1064 1399 spartanas

108 1405 176 1471 lara,
202 1411 228 1461 at
250 1403 407 1482 mysticam
429 1401 579 1480 appellant
593 1398 722 1462 vetares.
747 1399 881 1464 Vocatur
892 1402 983 1467 etiam
1004 1397 1067 1459 'So-

110 1493 295 1546 cramentam
311 1479 469 1552 tanesiam,
494 1481 672 1562 Mystariam
686 1480 782 1549 Fidei,
803 1481 992 1544 Christianae
1005 1479 1064 1541 Rc·

109 1565 227 1643 lioionis
249 1581 407 1632 arcannm,
432 1566 500 1642 quia
522 1563 691 1624 infidelibus
708 1570 738 1624 et
758 1564 982 1623 catechumenis
997 1562 1064 1640 ejus

111 1646 213 1706 notitia
234 1644 483 1708 abscondebatur.
508 1645 663 1722 Appellari
688 1645 765 1705 solet
785 1647 875 1704 variis
898 1647 989 1705 etiam
1012 1663 1063 1704 no·

111 1725 241 1790 minibus
257 1743 367 1806 ‚quae
391 1728 447 1788 late
470 1729 620 1805 eradicant
642 1727 753 1793 eruditi
776 1725 942 1804 Scriptores
963 1726 1060 1788 Theo-

111 1809 194 1886 logi‚
218 1815 307 1884 atque
329 1807 492 1886 Litnrgici,
518 1810 569 1884 qui
598 1809 633 1870 de
657 1809 714 1868 hoc
738 1807 929 1868 Sacramenta
951 1811 1062 1868 tracta-

54 1899 58 1906 “
111 1895 192 1952 runt.
216 1887 309 1950 Porro
324 1887 448 1951 Divinae
465 1889 674 1950 Eucharistiae
691 1890 930 1958 Sacramentum,
954 1890 983 1948 in
999 1889 1063 1968 liu-¹

110 1971 194 2032 brica
223 1971 314 2049 hujus
344 1971 418 2031 tituli
452 1973 481 2031 in
502 1971 636 2038 Romano
659 1969 794 2040 arcuati,
823 1975 854 2030 et
885 1968 1062 2031 aPatribus

108 2059 141 2114 et
160 2051 296 2113 Consiliis
321 2051 549 2114 Sanctissimam
572 2053 686 2113 dicitur
707 2070 761 2130 per
783 2050 990 2111 excellentiam
1013 2068 1062 2110 su-

109 2151 165 2212 per
189 2135 302 2210 reliqua
324 2131 526 2196 Sacramenta.
562 2135 629 2208 Qua
652 2136 767 2194 ratione
790 2137 938 2200 tractare,
962 2138 1062 2193 custo·

109 2215 285 2291 discatque
307 2211 516 2278 administrare
536 2217 708 2278 venerabile
731 2213 936 2276 Eucharistiae
960 2213 1061 2274 Sacra-

109 2303 245 2360 mentum
268 2295 419 2370 Parochus
442 2300 630 2375 potissimum
665 2297 900 2372 debeatdocent
921 2312 974 2355 nos
996 2313 1060 2370 pas-

108 2380 167 2438 sim
189 2379 321 2440 Concilia
342 2384 373 2440 et
392 2379 526 2440 Rituales
548 2379 684 2440 Codices.
709 2380 811 2440 Monet
841 2395 961 2453 quoque
990 2375 1060 2437 illud

110 2480 167 2520 non
192 2479 250 2522 uno
273 2461 301 2518 in
325 2461 390 2520 loco
413 2460 444 2520 S.
461 2459 596 2530 Carolus,
619 2470 654 2522 at
676 2459 803 2520 Parasiti
824 2459 935 2518 crebris
958 2459 1060 2518 cohor-

108 2541 274 2602 tationibus
295 2545 329 2604 in
355 2541 388 2602 id
413 2545 547 2602 marciosa
568 2543 769 2610 incumbant,
796 2549 831 2600 at
854 2543 981 2619 populus
1006 2540 1061 2600 sibi

108 2625 278 2684 commissas
293 2623 333 2682 ad
352 2623 568 2700 confessionam
591 2633 617 2684 ct
636 2625 881 2688 Commodianam
897 2625 1061 2702 praecipua

106 2705 143 2766 in
164 2703 340 2766 Natiuitatis
362 2702 506 2776 Domini,
529 2716 556 2766 et
579 2703 760 2766 Pentecortcs
782 2703 902 2763 statiis
923 2702 1060 2762 solemni·
1110 2774 1115 2782 ,

108 2787 222 2846 tatibus
243 2785 374 2848 accedat.
398 2785 520 2866 Mandat
542 2788 571 2846 id
593 2786 713 2864 quidem
737 2785 768 2845 S.
787 2784 913 2856 Carolus
935 2785 964 2844 in
986 2782 1059 2844 Con

108 2869 178 2930 cilio
201 2865 377 2928 Provinciali
399 2867 642 2935 Mediolanensi}
663 2865 752 2927 Parte
766 2864 795 2926 lt
816 2863 919 2942 Carrite
942 2866 985 2924 Dc
1006 2867 1058 2934 iis,

109 2967 184 3029 quac
212 2947 252 3010 ad
278 2949 545 3011 sacramentorum
571 2949 866 3012 administrationes
895 2950 1060 3023 naucratim

130 3033 274 3092 artincnt.
400 3049 402 3056 ⁴
722 3085 728 3096 ,

103 3052 188 3174 ΡΗ.
215 3113 306 3174 Porro
321 3112 401 3189 quod
416 3131 503 3173 nemo
525 3113 562 3172 ad
579 3111 803 3172 Eucharistiam
820 3108 996 3171 sumendam
1012 3127 1061 3169 ac-

108 3196 216 3266 cedere
238 3195 354 3265 debeat,
379 3194 435 3253 nisi
451 3195 606 3255 moraliter
621 3199 722 3254 certus
744 3193 783 3253 sit
803 3192 840 3252 de
857 3192 978 3273 propria
994 3207 1060 3250 san·

109 3278 223 3346 abiate,
248 3277 356 3336 docent
372 3293 429 3335 nan
445 3277 532 3337 modo
549 3275 661 3343 Patrae,
686 3273 738 3334 sed
754 3275 876 3352 antiqua
890 3273 942 3332 illa
957 3271 1063 3332 Orien-

108 3358 174 3419 talis
197 3356 351 3420 Ecclesiae
369 3357 575 3430 consuetude,
598 3362 818 3433 quatempore
849 3353 1062 3427 sacraeCom·

109 3441 257 3500 munionis
279 3437 427 3498 Diaconos
465 3438 524 3499 alta
545 3455 619 3498 voce
652 3438 824 3510 clamabat:
849 3437 960 3500 Sarscta
985 3431 1061 3494 San-

110 3519 187 3588 ctir;
209 3522 251 3581 uti
273 3516 376 3582 viderit
398 3524 444 3592 est
466 3520 532 3580 Lib.
556 3515 888 3598 lilii-Apostolicorum
912 3516 1062 3580 Constitit-

109 3602 243 3670 tionam,
266 3600 337 3680 Cap.
362 3600 451 3674 xt11;
469 3606 499 3664 et
522 3600 600 3678 apud
622 3597 785 3677 utrumqne
807 3597 965 3677 Cyrillum,
990 3593 1063 3675 flie-
1091 3629 1096 3640 .
