2567 4042
597 180 822 253 wliOSm

234 310 359 372 dubium
380 315 450 381 est,
473 326 561 389 posse
581 308 753 371 Romanum
774 308 952 371 Pontificem
974 325 1043 371 eam
1066 307 1192 373 faculta-

233 400 295 454 tem
317 391 373 469 ipsi
395 391 549 453 Sacerdoti
570 393 761 459 concedere,
785 411 823 455 ex
845 394 995 453 communi
1018 392 1186 453 Doctorum

232 475 348 535 calculo
368 478 400 532 ct
420 474 511 533 variis
532 476 704 552 exemplis,
729 490 806 551 quae
833 491 869 534 ea
891 473 928 533 de
950 490 984 533 re
1005 473 1034 532 in
1057 473 1188 551 Regula·
1265 504 1266 515 2

233 557 314 616 rium
335 554 498 633 privilegiis
519 573 578 618 non
593 554 882 617 semel'occurrunt.
899 552 946 613 Ex
968 554 1127 632 privilegio
1138 556 1190 615 in·
1265 596 1266 614 2

233 654 324 715 saper
344 634 462 697 sumna
482 634 635 697 Pontificis
663 637 810 717 competit
841 637 932 697 etiam
960 634 1129 697 abbatibus
1160 640 1189 697 et
1265 660 1266 665 ¹

233 717 379 780 Praelatio
410 719 461 794 qui
484 734 572 778 usum
601 718 715 779 habent
735 715 964 780 Pontificalinmt
999 716 1040 779 At
1061 714 1189 779 facultas
1265 770 1266 775 ,

233 802 298 861 istis
319 816 459 859 concessa
491 816 550 859 non
572 805 620 859 cst
640 799 827 861 extendenda
849 798 886 859 ad
909 796 1025 860 Calices
1051 805 1085 859 et
1105 799 1190 860 Pate·
1266 806 1267 831 ³

233 894 288 942 uas
311 898 366 957 pro
380 898 444 940 usu
464 885 495 941 et
515 881 639 942 servitio
661 882 776 942 alienae
797 878 970 949 Ecclesiae,
994 879 1052 939 sed·
1069 886 1186 941 tantam
1266 906 1267 943 l

232 962 387 1024 Ecclesiae
408 962 560 1039 propriae,
576 968 611 1022 ut
622 962 678 1022 sub
698 962 747 1022 die
767 962 807 1021 27
822 959 1010 1041 Septembris
1023 960 1106 1023 1659
1119 961 1188 1027 Ille·

233 1043 348 1104 xander
369 1040 427 1101 vll
448 1044 627 1112 constituit,
651 1048 788 1105 statuens
805 1060 845 1103 ns
865 1042 902 1103 de
925 1042 1042 1103 licentia
1066 1040 1188 1120 quidem

232 1117 530 1184 Ordinariorunreos
551 1120 695 1185 exercere
710 1128 798 1202 po‘sse
813 1124 993 1185 facultatem
1006 1122 1064 1183 sibi
1087 1124 1187 1185 aSa'n·

1250 961 1267 1056 l

1257 1067 1267 1222 l

232 1212 284 1265 cta
304 1204 381 1267 Sede
403 1221 574 1265 concessam
593 1204 766 1283 hujusmodi
788 1206 1042 1266 consecrationem
1058 1204 1188 1269 faciendi

232 1304 289 1365 pro
311 1288 390 1348 vasis
415 1286 581 1348 alienarum
602 1284 822 1348 Ecclesiamm.
851 1285 955 1347 Oratio
979 1282 1100 1347 Fratres
1121 1289 1187 1348 cto·-

232 1370 347 1429 ra‘sm'ma'
368 1373 437 1430 etc.'
454 1385 530 1445 quae
551 1366 711 1429 adhibetur
734 1368 773 1427 ab
795 1364 948 1445 Episcopis
980 1367 1010 1426 in
1033 1385 1186 1430 consecra·

232 1450 313 1511 tione
334 1447 488 1517 Palmae,
512 1450 542 1509 in
565 1446 701 1510 Durandi
723 1446 889 1509 Pontificali
922 1453 953 1509 et
978 1449 1008 1507 in
1029 1449 1097 1510 aliis
1121 1468 1188 1509 non

232 1531 349 1602 nullis,
381 1531 561 1609 praesertim
593 1546 667 1592 aero
695 1531 725 1590 in
746 1528 868 1606 antiquo
890 1527 1004 1589 Ordine
1022 1531 1185 1600 Romano,

231 1610 389 1689 Praefatio
411 1610 544 1673 Putamus
564 1609 804 1677 consecrandae,
827 1613 873 1673 uel
893 1608 933 1669 cd
956 1612 1189 1672 consecrandam

232 1690 381 1753 Pateacm
401 1692 522 1755 dicitur.
548 1691 654 1755 Altera
676 1693 772 1752 oratio
795 1690 900 1753 alludit
920 1691 957 1750 ad
977 1689 1077 1769 Caput
1097 1692 1129 1754 ll
1142 1694 1187 1754 Li·

232 1772 281 1833 bri
301 1771 535 1844 Numerorum,
559 1775 590 1833 in
612 1774 672 1853 quo
693 1772 860 1835 oblationes
892 1780 1087 1835 recensentur
1108 1777 1187 1853 prin·

233 1855 336 1932 cipum
357 1854 516 1915 duodecim
528 1854 677 1915 Tribuum
699 1856 728 1915 in
743 1854 963 1917 dedicationem
988 1853 1186 1917 Tabernaculi

232 1940 265 1997 et
291 1937 414 1998 Altaris.
446 1936 544 2003 Vetus
564 1936 649 1997 Ordo
671 1934 850 2005 Romanus,
879 1933 1060 1996 Pontificalis
1086 1936 1185 2000 Codex

232 2017 373 2080 Gulielmi
396 2016 558 2088 Durandi‚
582 2023 613 2079 et
633 2018 839 2089 aliinonnulli
861 2014 1037 2077 Chrismatis
1070 2022 1186 2080 unctio·

231 2116 302 2160 nern
325 2101 532 2175 praescribunt
550 2121 558 2171 ς
580 2099 700 2161 lietoldi
722 2105 824 2160 autem
845 2098 946 2159 Codex
974 2098 1003 2157 in
1026 2115 1187 2161 consecra-

232 2181 312 2243 tione
327 2181 455 2243 Patenae
475 2180 585 2243 Oleum
606 2187 638 2243 et
659 2180 797 2242 Chrisma
818 2178 1021 2241 adhibendum
1049 2182 1183 2243 mandat.

230 2260 420 2322 {nomnibus
435 2263 565 2337 antiquis
576 2260 800 2323 Pontificalibus
822 2262 971 2339 reperitur
985 2260 1092 2322 Oratio
1112 2261 1185 2333 Orc·

231 2361 296 2402 mas
318 2343 426 2420 fratres
448 2343 620 2404 charissimi
640 2361 695 2420 pro
716 2344 941 2405 consecratione
963 2338 1082 2413 Calicis,
1107 2361 1184 2421 quaa

230 2423 352 2500 quidem
374 2426 404 2482 in
426 2423 539 2485 Ordine
562 2426 684 2500 antiquo
705 2424 863 2493 Romano,
887 2431 918 2485 et
950 2423 978 2482 in
1002 2424 1184 2500 quibusdam

230 2503 297 2564 aliis
319 2502 477 2583 Praefatio
491 2507 611 2568 dicitur.
635 2506 670 2566 ln
685 2505 777 2565 Libro
792 2504 1053 2567 Sacramentormn
1065 2504 1097 2565 S.
1111 2506 1185 2569 Gre·

230 2586 305 2663 gorii
327 2583 424 2665 Papae
453 2592 485 2648 et
506 2588 536 2647 in
557 2587 633 2657 aliis,
659 2590 727 2664 post
747 2587 843 2665 ipsam
871 2583 1093 2647 Praelationem
1112 2584 1185 2649 Ore·

229 2684 296 2726 mus
318 2665 502 2728 ddceammt
522 2667 657 2746 fratres,
682 2668 782 2729 statim
805 2668 903 2733 altera
929 2668 1022 2727 nostri
1044 2668 1184 2731 hodierni

230 2746 358 2808 Romani
384 2748 565 2811 Pontificalis
588 2748 695 2809 Oratio
715 2750 876 2825 sequitur,
899 2746 1034 2827 Dianam
1056 2748 1192 2815 Domine,
1269 2784 1270 2791 κ

166 2856 170 2862 ·
233 2828 363 2892 Calicem
377 2832 479 2891 istam.
497 2830 542 2891 De
558 2832 699 2892 unctione
714 2830 744 2889 in
760 2829 965 2892 benedictione
979 2827 1085 2891 Calicis
1100 2831 1184 2893 adhi-

228 2911 327 2973 benda
348 2910 468 2973 celebre
488 2915 570 2973 extat
591 2912 797 2972 testimonium
820 2912 849 2969 in
871 2909 975 2989 Capite
993 2911 1069 2974 Cum
1086 2917 1185 2974 esaie

227 3002 281 3062 set,
304 2990 350 3053 De
371 3011 460 3056 sacro
486 2990 636 3072 Uettiano,
659 2995 690 3052 in
712 2992 800 3073 cujus
820 2989 881 3052 fine
902 2992 943 3051 ita
966 2992 1103 3071 legimus:
1125 2992 1184 3055 Um·

228 3076 310 3153 gitur
325 3086 487 3154 practerea
508 3072 670 3135 secumdam
692 3072 937 3134 Ecclesiasticcm
956 3091 1090 3143 morem,
1114 3094 1184 3135 oum

227 3166 421 3217 comcerctcr
442 3154 558 3224 Alton,
583 3148 658 3215 cum
673 3154 836 3216 dedicatur
855 3151 1022 3235 Templum,
1047 3174 1116 3216 cum
1139 3158 1183 3217 dc·

226 3236 379 3298 modicitate
403 3236 506 3300 Galim.
539 3268 545 3281 ·
850 3270 852 3273 ·
1152 3278 1156 3285 -

268 3315 323 3377 ΙΙΙ.
347 3316 429 3379 Calix
451 3323 483 3378 et
503 3316 615 3379 Patena
635 3318 753 3380 duobus
774 3316 962 3395 potissimum
993 3316 1091 3379 modis
1113 3335 1183 3378 con-

228 3399 426 3460 secrationem
446 3399 610 3466 amittunt,
633 3400 750 3461 scilicet
771 3416 824 3477 per
846 3398 1049 3470 tractionem,
1074 3406 1106 3461 et
1127 3416 1184 3476 per

227 3496 337 3540 noram
359 3480 589 3542 inaurationem.
619 3479 679 3542 Per
701 3478 879 3541 tractionem
911 3480 1055 3543 amittunt
1072 3496 1182 3543 conse*

229 3561 405 3631 cntionem,
422 3560 540 3637 quando
554 3560 666 3623 Patena
688 3566 735 3625 est
756 3562 797 3625 ita
821 3561 993 3629 notabiliter
1016 3560 1123 3634 lractm
1147 3568 1182 3626 ut
