2567 4042
465 7 471 49 i

478 198 702 272 wotos*

493 405 619 471 CAPUT
628 407 681 470 u.
719 453 721 456 -

133 591 175 634 ors
197 587 343 643 sunnonis
363 588 511 634 usrrtsnl
531 588 713 640 Romuleus,
737 589 780 634 uu
801 587 873 633 titus
894 589 1038 634 uerutus

410 669 519 715 rosim
539 671 581 722 ET
600 671 761 717 IIIIIIS'I'IO.

152 815 358 893 I.Baptistnus
368 817 490 895 proprie
500 813 538 899 [1)
554 819 735 878 mersionem
747 813 902 896 significat,
917 835 933 876 a
948 834 1055 895 graeco

117 900 295 977 Βαπτιζειν,
311 917 454 978 mopere,
472 899 594 978 tinpcrc.
611 899 645 959 In
667 903 856 961 antecessum
877 905 977 960 autern
1000 919 1058 962 non

112 981 165 1040 abs
186 999 220 1041 re
241 981 301 1041 erit
321 981 439 1041 diversa
459 982 590 1051 nomina,
606 983 714 1058 quihus
736 983 765 1040 in
787 983 940 1061 primaeva
955 982 1057 1043 Eccle-

112 1063 157 1123 sia
178 1063 350 1138 Baptismus
370 1063 474 1124 donari
496 1065 662 1132 consuerit,
685 1063 735 1124 hio
756 1079 917 1141 exponere.
935 1064 979 1124 Ac
994 1065 1056 1142 pri-

112 1161 165 1204 mo
187 1143 402 1222 Indulpcruia,
428 1146 492 1206 sire
512 1151 702 1222 peccatorum
725 1147 859 1206 remissio
881 1146 977 1206 (lictus
998 1152 1054 1216 est,

110 1223 192 1291 Ilinc
216 1224 379 1303 Augustino
400 1226 436 1286 de
449 1225 603 1308 Baptismo
624 1225 690 1286 Lib.
708 1224 736 1286 V
758 1225 829 1303 Cap.
845 1226 922 1288 XXI
946 1223 1057 1288 Sucro·

111 1319 244 1370 montom
275 1308 456 1369 remissionis
485 1318 679 1387 pcccatorum
710 1307 888 1388 adpettotor.
918 1307 1055 1370 Secundo

114 1407 184 1450 cum
206 1395 307 1452 autem
329 1407 384 1468 per
397 1390 584 1469 Baptismum
605 1407 643 1450 ex
666 1390 780 1467 peccati
802 1391 948 1451 mortem
969 1387 1056 1470 justi·

112 1473 173 1533 tiae
193 1473 288 1533 ritam
310 1470 400 1531 homo
422 1477 606 1538 renascatur,
624 1470 693 1532 hinc
709 1473 904 1550 repereram,
925 1473 1003 1532 citae
1023 1490 1056 1531 a·

111 1571 182 1632 prro,
204 1553 270 1631 fons
292 1551 432 1626 licinus,
456 1551 882 1631 repraesentaturum,
907 1554 1055 1614 nominari

111 1636 279 1696 consuerit.
301 1635 402 1695 Tertio
424 1637 504 1714 quod
535 1652 609 1695 vero
634 1635 854 1712 baptizatorum
876 1641 990 1696 mentes
1012 1635 1055 1696 di-

110 1717 180 1776 viua
202 1716 269 1777 luce
290 1716 523 1793 perfunduntur,
546 1717 732 1794 Baptismum
752 1716 866 1794 ipsum,
890 1715 1054 1779 illumino·

111 1798 221 1858 tionem
241 1805 359 1861 veteres
379 1799 505 1870 dixere,
528 1799 609 1874 quod
631 1816 738 1858 nomen
760 1799 789 1857 in
811 1796 1051 1876 Chrysostomo,

109 1877 244 1940 Romilio
266 1879 342 1941 XIII
359 1883 388 1940 in
403 1881 497 1952 Heb.;
513 1878 710 1950 Naziameuo,
731 1877 835 1940 Oratio
856 1879 911 1940 XL
935 1880 970 1940 dc
991 1881 1054 1942 Bo·

98 1961 241 2037 ,ptismo‚·
262 1961 405 2040 Dionysio
427 1963 619 2050 Apeopagilm
645 1959 826 2022 Hierorotio
847 1959 1052 2024 Ecclesiastico

111 2041 183 2118 Cap.
208 2042 273 2115 III;
296 2042 427 2105 Concilio
446 2043 631 2112 Laodiceno,
655 2039 728 2102 Can.
752 2041 905 2114 XLVIII,
930 2043 1053 2121 aliisque
1165 2060 1167 2064 ·

111 2122 313 2202 Scriptoribus
328 2126 503 2204 trequentes
522 2105 661 2186 oicurrit.
677 2124 791 2198 Quarto
806 2128 947 2202 quoniam
961 2126 1053 2185 etiam

108 2206 135 2264 is
152 2213 200 2267 est
221 2207 362 2285 Baptismi
385 2207 532 2277 effectus,
556 2214 590 2268 ut
610 2223 666 2284 per
687 2207 772 2266 illum
794 2208 831 2266 ad
853 2207 979 2268 salutem
1002 2224 1052 2267 ae·

108 2291 226 2348 ternam
249 2290 385 2351 homines
407 2291 606 2366 perveniant,
635 2287 771 2348 absolute
794 2294 916 2349 vocatus
939 2292 985 2348 est
1006 2305 1053 2348 sa·

108 2368 166 2428 lna.
178 2367 290 2443 Quinto
316 2373 482 2447 appellatus
496 2387 616 2448 quoque
630 2369 781 2430 invenitur
795 2369 982 2448 sipnocolom
994 2365 1054 2428 llo·

108 2451 207 2519 mini,
228 2454 417 2532 sipnucrtiatm
440 2451 577 2521 Christi,
600 2453 733 2512 soluitur
754 2451 952 2529 sipnoootum.
977 2449 1053 2512 Aliis

108 2533 231 2592 tandem
252 2535 421 2596 nominibus
443 2538 620 2611 usurpatum
641 2533 789 2609 baptisma
812 2533 952 2604 occurrit,
968 2533 1053 2609 queis

108 2614 225 2675 scilicet
245 2617 323 2678 illius
343 2621 460 2681 auctor,
478 2621 594 2685 natura,
611 2620 701 2692 atque
723 2613 848 2675 ellectus
865 2614 941 2674 varii
963 2615 1052 2692 signi·
1150 2667 1157 2678 ,

107 2693 506 2857 ficiiinltiliptismimateria
533 2782 579 2838 est
605 2775 668 2837 sola
689 2794 768 2855 aqua
795 2777 954 2851 naturalis,
974 2774 1050 2838 Novi

107 2856 290 2921 Testamenti
313 2861 341 2919 in
364 2857 441 2919 hanc
463 2876 527 2919 rem
548 2859 615 2918 loca
635 2860 711 2919 adeo
731 2864 802 2922 sunt
822 2857 999 2937 pelspicua,
1017 2863 1053 2918 ut

106 2940 309 3004 declaratione
330 2959 390 3002 non
410 2946 529 3019 egeant.
552 2937 682 3000 Ioannes
703 2938 798 3019 Caput
818 2938 862 3000 III
882 2959 912 3001 v.
936 2941 967 3002 s.
984 2937 1054 3001 Nisi
1153 3011 1157 3020 ¹

107 3025 175 3103 qnia
196 3033 321 3084 renatos
340 3023 436 3100 fucrit
457 3040 495 3083 erc
511 3039 593 3101 oqno
614 3031 644 3081 ct
660 3019 777 3100 Spiritu
795 3017 913 3093 Sancto,
929 3039 991 3082 non
1000 3040 1053 3102 po·

106 3116 161 3166 test
180 3105 307 3166 introire
327 3107 362 3166 io
376 3122 502 3183 reprom
515 3104 582 3164 Dei.
600 3101 678 3164 Tum
694 3104 851 3182 Apostolos
862 3104 1049 3183 baptismum

106 3184 293 3249 conferentes
306 3204 415 3263 aquam
429 3183 612 3256 adhibuisse,
629 3189 731 3263 aperta
747 3201 795 3246 res
809 3190 866 3246 est.
882 3184 1007 3263 Insuper
1021 3185 1051 3245 tu

106 3268 176 3330 sola·
191 3286 293 3346 aqua,
317 3267 488 3346 etquidem
510 3284 583 3329 rera
605 3283 640 3327 ac
663 3267 789 3328 naturali
812 3266 968 3338 conferri,
992 3266 1050 3328 hoc

107 3351 349 3421 Sacramentum,
365 3355 503 3411 constans
516 3354 563 3410 est
575 3347 698 3409 Petrum
713 3349 848 3410 omnium
862 3347 1049 3412 saeculorum

107 3433 239 3505 traditio,
264 3437 298 3494 ut
319 3432 391 3492 nihil
413 3449 487 3511 opus
508 3431 547 3492 sit
560 3431 732 3511 singillatim
753 3447 857 3494 eorum
880 3431 1050 3494 testimonia

142 3599 180 3659 ll)
199 3594 351 3660 trombelli
369 3597 409 3648 Do
426 3595 576 3665 Raptum,
593 3599 677 3664 caput
695 3599 706 3649 l
723 3603 750 3650 ct
768 3608 840 3664 seqq.
