2567 4042
599 229 823 304 emptitiae

237 366 311 431 tur,
336 367 371 423 ut
393 361 523 439 probant
544 379 622 439 quae
645 362 745 422 adhuc
769 368 930 440 supersunt
952 381 987 424 ea
1009 363 1047 424 de
1070 382 1103 424 re
1124 362 1188 425 San·

235 448 356 504 ciorum
379 441 505 505 Petrum
528 461 741 530 paraeneses,
759 446 890 504 maxime
912 445 950 504 de
971 445 1187 515 Sacrameutis,

236 542 371 602 quorum
394 527 540 604 mysteria
563 545 614 586 eos
644 527 791 584 hacteuus
823 526 972 588 latuerant
992 529 1116 605 prop'ter
1138 528 1189 588 Ar-

235 608 304 665 cani
327 607 523 684 disciplinam,
547 607 584 667 de
599 606 682 668 Fidei
705 607 849 676 articulis,
872 609 909 667 de
923 608 1076 670 Trinitatis
1098 615 1128 670 et
1146 607 1190 669 ln-

235 691 422 762 carnationis
436 689 600 768 Mystcriis,
618 707 696 767 quae
712 689 881 749 minutatim
898 693 941 750 eis
956 694 1189 770 exponebantur.

508 941 512 951 ·
611 849 740 912 CAPUT
761 851 816 911 lv.

359 1034 401 1077 DE
424 1031 581 1077 barrisno
604 1031 802 1075 saumonem
825 1033 865 1076 ET
889 1032 931 1076 DE
953 1032 1073 1078 ORDINE

523 1113 674 1158 uaratsatt
699 1114 902 1158 ADULTOEUM.

267 1263 303 1322 ’1.
328 1261 450 1323 Certum
466 1264 512 1320 est
526 1261 623 1320 solum
646 1261 802 1330 hominem
818 1257 858 1340 [1)
875 1278 940 1320 esse
958 1261 1106 1338 Baptismi
1129 1261 1192 1322 sub·

237 1345 376 1424 jectum3
399 1361 468 1402 cum
491 1347 603 1410 aretem,
627 1343 677 1402 rel
699 1341 807 1412 inians,
825 1342 1017 1404 vel'adultus
1040 1351 1109 1404 esse
1131 1360 1192 1421 pos·

238 1430 301 1492 sil,
332 1432 364 1488 et
390 1425 427 1485 de
449 1424 558 1500 prioris
580 1425 735 1499 Baptismo
757 1424 875 1489 abunde
909 1425 1022 1484 dictum
1046 1425 1188 1486 hactenus

238 1507 342 1575 inerit,
365 1507 474 1568 merito
496 1523 574 1566 nunc
591 1507 628 1566 de
644 1507 796 1582 Baptismo
818 1507 942 1566 alterius
958 1506 1123 1583 agendum.
1140 1505 1190 1567 Ba·

237 1591 382 1666 ptismum
405 1587 515 1649 adultis
536 1589 653 1647 nonnisi
670 1588 903 1650 Catechumenis
918 1590 1112 1648 consuevisse
1127 1588 1191 1647 olim

234 1671 387 1747 conferri,
412 1669 620 1730 vetustissima
650 1674 697 1729 est
717 1667 869 1730 Ecclesiae
891 1671 1045 1748 disciplina
1069 1670 1147 1730 sicul
1167 1673 1192 1728 et

240 1753 292 1811 illa
313 1751 403 1811 ollieii
416 1750 617 1816 catechistae,
632 1769 694 1828 quo
715 1754 770 1811 etsi
783 1751 929 1828 Apostoli,
948 1769 1118 1827 eorumque
1134 1767 1194 1811 suc-

238 1851 373 1894 cessores
385 1831 526 1911 Episcopi
548 1832 698 1910 perluucti
721 1829 885 1907 antiquitus
902 1831 1025 1902 luerint,
1044 1833 1141 1894 nihilo
1157 1837 1194 1891 ta-

237 1933 305 1975 men
328 1917 453 1986 minus,
477 1915 548 1992 qpia
571 1915 662 1973 variis
694 1914 929 1992 utilioribusque
952 1916 1031 1974 curis
1053 1915 1135 1974 soliti
1157 1913 1192 1974 illi

236 2002 337 2058 essent
358 1998 394 2056 ad
417 1998 475 2058 alia
497 1996 635 2062 distrahi,
660 2013 695 2055 ea
718 2013 839 2070 semper
862 1995 989 2056 invaluit
1010 1996 1040 2053 iu
1065 1993 1193 2058 Ecclesia

235 2082 444 2146 consuetudo,
466 2084 501 2139 ut
523 2077 552 2136 id
576 2079 710 2138 muneris
744 2077 810 2136 aliis
839 2077 1098 2138 committeretur.
1130 2076 1192 2136 Pro·

235 2162 334 2221 risum
366 2179 440 2238 ergo
461 2158 535 2218 illud
559 2159 618 2219 hoe
648 2159 677 2218 in
701 2160 819 2236 negotio
842 2157 919 2223 luit,
950 2165 982 2220 ut
1003 2161 1123 2220 nonnisi
1144 2158 1193 2217 riri

238 2244 372 2322 pietate,
397 2241 515 2319 ingenio
538 2258 573 2299 ae
596 2240 729 2300 doctrina
768 2241 953 2315 praestantes
981 2241 1191 2318 deligerentur,

192 2379 196 2385 .
237 2324 343 2400 quales
366 2321 568 2384 Alexandriae
597 2323 785 2396 extiterunt,
816 2319 1005 2389 Pantaenus,
1034 2321 1192 2387 Clemens,

233 2404 393 2480 Origenes,
410 2403 569 2474 heraclas,
587 2403 762 2480 Dionysius,
785 2404 829 2462 uti
852 2405 940 2463 docet
962 2401 1114 2465 Eusebius
1129 2403 1190 2462 Lib.

235 2486 265 2543 V
280 2484 435 2547 Historiae
448 2484 676 2546 Ecclesiasticus
697 2483 771 2560 Cap.
796 2481 828 2542 X
850 2490 880 2545 et
903 2485 969 2544 Lib.
983 2485 1026 2545 vt
1047 2485 1123 2563 Cap.
1140 2481 1189 2542 Ill.

237 2566 279 2626 Et
298 2572 382 2630 certe
404 2568 534 2628 cumeis
556 2584 614 2627 non
638 2564 845 2641 infrequenter
867 2583 915 2626 res
938 2572 1017 2627 esset
1039 2583 1110 2626 eum
1126 2565 1190 2626 Phi-

236 2647 370 2726 losophis
392 2651 516 2726 aliisque
539 2648 685 2726 profanae
706 2649 848 2707 scientiae
869 2648 996 2708 eruditis
1018 2649 1106 2715 viris,
1138 2663 1190 2706 uon

235 2733 335 2792 levem
363 2732 495 2792 Ecclesia
518 2747 644 2807 passura
677 2733 757 2788 esset
780 2726 942 2806 injuriam,
967 2731 991 2788 si
1013 2747 1123 2791 eornm
1150 2745 1191 2787 ar-

233 2814 387 2891 gumentis
417 2810 687 2887 subtilioribusque
710 2808 904 2886 sophismatis
941 2810 1125 2888 respondere
1147 2825 1191 2869 ne·

235 2895 380 2971 quissent.
407 2892 606 2971 Frequentius
628 2893 665 2951 ad
689 2891 719 2951 id
741 2890 1012 2952 munerisDiaconi
1027 2893 1191 2969 deligeban-

230 2981 294 3042 tur,
319 2981 352 3036 ut
366 2976 508 3052 colligere
524 2975 596 3034 licet
617 2991 655 3034 ex
672 2973 703 3034 S.
718 2970 887 3048 Augustino
909 2975 938 3032 in
956 2972 1061 3046 Libro:
1074 2973 1119 3034 De
1136 2973 1188 3035 Ca·

233 3057 421 3118 aelizantts
442 3055 577 3116 redibas.
596 3053 779 3130 Plerumque
802 3055 892 3115 etiam
916 3053 1136 3134 aPresbyteris
1150 3055 1190 3112 io·

233 3139 429 3200 struebantur
452 3137 578 3215 gentiles
599 3136 780 3212 baptizandi,
798 3137 841 3196 uli
863 3137 951 3197 docel
971 3139 1114 3215 vulgatus
1129 3135 1189 3195 llio·

237 3221 338 3296 nysius
359 3222 390 3280 in
412 3220 524 3280 Libro:
551 3217 594 3277 De
611 3217 819 3278 Ecclesiastico
840 3215 1034 3279 Hierarchia.
1060 3219 1104 3280 De
1126 3219 1187 3279 loco

234 3298 380 3362 iaciendis
402 3301 611 3362 catechesibus
633 3300 797 3377 designate,
815 3296 888 3358 illud
911 3301 941 3358 iu
964 3301 1070 3376 primis
1091 3301 1185 3360 obser·

276 3465 311 3565 ll)
329 3507 457 3565 Martene,
475 3504 514 3554 De
532 3501 657 3567 antiquis
675 3499 808 3550 Ecclesiae
827 3497 944 3564 attilas,
963 3498 1021 3552 Lib.
1037 3501 1047 3549 1
1065 3497 1129 3564 Cap.
1142 3497 1181 3555 v1;

236 3575 402 3631 vicecomes,
421 3572 460 3620 De
472 3571 607 3638 Baptismi
624 3567 739 3626 ditibus,
760 3567 820 3618 Lib.
836 3571 846 3619 1
865 3571 928 3636 Cap.
945 3572 986 3638 xj
1004 3565 1138 3628 Catulario,
1156 3559 1186 3614 ad

237 3641 347 3692 Itituale
367 3642 529 3698 nemaeum,
547 3637 601 3689 Tit.
621 3641 645 3690 ll
662 3640 726 3703 Cap.
748 3638 783 3686 lll
801 3643 827 3686 et
845 3639 888 3687 lt.
