2567 4042
478 206 540 269 ee
559 196 600 257 9⁹
620 204 682 267 ao·

105 323 303 390 socunmer
318 323 518 387 cestrensem
532 325 761 403 arginusa-ao,
779 293 815 384 ei
830 323 927 383 nabars
942 330 973 384 u
984 322 1060 385 sorr-

102 407 204 484 pturis
224 406 377 467 Ecclesiae
399 405 458 465 hoo
472 408 693 468 attestantibus.
712 404 837 479 Quarto,
854 424 891 465 ex
906 405 1061 465 communi

102 488 189 548 ieme
209 491 242 548 et
260 488 424 568 opinione,
448 488 566 564 quando
580 506 688 567 nempe
708 504 764 565 pro
785 493 959 548 consecrata
978 504 1060 547 com·

103 570 192 630 muni
212 570 350 647 opinione
370 570 524 639 habetur,
547 570 635 647 juxta
657 570 765 630 tradita
792 588 810 630 a
832 566 908 629 Pace
925 567 1061 629 -Joruane

103 651 175 712 Lib.
201 649 240 711 V.
263 647 321 710 Tit.
344 648 365 709 9
387 671 417 711 n.
443 648 493 711 16.
517 649 662 724 Quintum
684 650 868 729 probationis
899 667 1061 725 argumen-

104 741 176 794 tum
197 732 389 810 suppeditant-
406 728 518 793 Cruces
549 735 578 792 in
612 734 726 813 pariete
747 733 909 811 depictae,
939 731 986 790 vel
1008 750 1061 793 ex·

105 816 242 893 cuiptae,
265 820 300 874 ut
319 814 608 886 conticescamus,
630 815 787 878 Conclusio
808 814 872 875 585
892 832 926 874 n.
942 812 974 885 23
993 814 1062 875 Ric-

106 896 187 966 cius‚
211 898 247 957 in
260 891 361 956 Praei
375 906 461 975 part.
486 894 508 955 I
523 894 596 963 Dec.
614 895 681 955 357
701 914 734 955 n.
754 896 802 957 17.

485 1058 611 1119 CAPUT
632 1056 671 1117 11.
759 1078 762 1083 ·

342 1237 385 1283 DE
407 1236 541 1281 Atracis
561 1236 828 1283 consecratione.

150 1382 176 1443 1.
186 1419 189 1425 ,
200 1379 392 1461 Quamquam
407 1382 470 1442 sine
485 1381 597 1443 Alianis
612 1384 836 1445 consecratione
846 1381 980 1443 Ecclesia
995 1398 1061 1441 con·

109 1465 226 1530 secrari
256 1481 316 1523 non
342 1465 558 1533 consueverit,
583 1484 654 1527 usus
687 1466 880 1526 nihilominus
912 1466 961 1525 vei
989 1464 1061 1523 oiim

108 1546 260 1614 invaluit,
284 1550 319 1605 ut
350 1545 414 1606 sine
436 1548 658 1607 consecratione
679 1548 858 1615 Ecclesiae,
887 1564 981 1607 unum
1013 1544 1063 1604 rel

109 1627 199 1706 piura
222 1626 337 1687 Altaria
358 1635 617 1689 consecrarentur.
641 1627 806 1705 Episcopus
838 1630 1062 1705 cumprimum

109 1708 228 1769 accedit
248 1708 287 1769 od
308 1710 545 1770 consecrandum
561 1708 677 1780 ditare,
693 1711 767 1769 dicit
775 1710 995 1787 ¹Antiphonem,
1008 1707 1064 1768 dn·

109 1791 206 1851 troico
227 1789 267 1850 ad
288 1788 392 1852 Altorc
414 1791 482 1851 Dei.
496 1790 638 1852 Attamen
659 1809 698 1851 ex
719 1792 903 1868 praescripto
925 1810 983 1851 non
998 1806 1063 1849 mo-

110 1871 150 1931 do
173 1871 341 1947 priscorum
356 1870 596 1941 Pontificalium‚
621 1873 672 1933 sed
695 1877 726 1932 ct
748 1872 829 1931 Libri
852 1872 1061 1933 Sacramentu-

110 1970 181 2014 rum
205 1951 236 2011 S.
261 1949 397 2029 Gregorii
417 1951 529 2029 Papae,
546 1973 604 2014 uon
619 1954 772 2013 recitanda
787 1955 824 2013 sit
839 1954 902 2030 ipsa
918 1953 1063 2031 Antipho·

110 2031 315 2102 unionum
335 2032 500 2095 additare
522 2035 604 2105 Dei,
629 2036 683 2094 nisi
705 2038 773 2109 post
794 2034 906 2110 aliquot
919 2036 993 2093 aiios
1014 2052 1062 2093 re·

110 2118 219 2176 citatas
241 2114 392 2176 orationes
413 2120 445 2175 et
466 2117 614 2176 adhibitos
643 2116 730 2175 ritus.
763 2113 891 2193 Insuper
911 2117 941 2175 in
967 2116 1078 2174 omni-'

110 2199 168 2258 bus
183 2194 249 2255 iere
270 2197 401 2272 antiquis
428 2198 656 2274 recentibusque
678 2196 830 2256 codicibus
845 2197 1063 2275 praescriptum

110 2276 247 2347 invenio,
262 2282 298 2336 ut
318 2283 480 2355 arrtequam
503 2278 575 2338 fiant
587 2278 702 2341 Cruces
724 2279 754 2336 in
774 2283 903 2353 quatuor
924 2278 1064 2337 cornibus

111 2359 254 2426 nitaris,
277 2357 359 2418 Crux
381 2360 514 2436 primum
536 2358 589 2419 irat
610 2360 648 2421 dc
670 2377 748 2435 aqua
770 2360 926 2421 benedicta
947 2360 976 2417 in
999 2360 1063 2435 ipso

109 2440 214 2501 medio
237 2436 358 2506 ditaris.
379 2439 477 2501 Vetus
498 2442 618 2516 quidem
641 2440 724 2501 Ordo
741 2439 905 2507 Romanus,
929 2442 976 2500 cui
998 2439 1064 2500 iere

108 2518 287 2581 PontificaIe
308 2528 460 2588 consonat,
485 2522 633 2591 defecere
655 2524 698 2581 sic
720 2523 832 2598 inquit:
862 2520 942 2581 Tunc
963 2522 1066 2599 inpro-

110 2603 197 2663 dc'ous
219 2599 382 2680 Episcopus
401 2602 442 2662 cd
465 2601 594 2668 Alcaeo.
613 2607 714 2681 primo
745 2622 813 2663 cum
831 2604 935 2683 pollice
956 2622 1008 2662 suo
1030 2600 1066 2661 dc

109 2686 182 2767 ipsa
204 2699 285 2760 aqua
306 2694 413 2743 sancta
434 2686 539 2763 facim*
552 2686 679 2747 Crucem
700 2684 734 2743 in
754 2684 851 2745 modio
873 2684 998 2755 ditaris,
1023 2682 1067 2742 oi-

111 2781 207 2826 ccns:
230 2762 438 2845 Sanctificetur
458 2762 664 2842 *tochltorffi
688 2771 747 2827 etc.
771 2764 858 2825 Ritus
881 2783 1000 2841 quoque
1023 2763 1066 2824 ia-

112 2844 213 2907 ciendi
236 2845 319 2920 prius
339 2841 469 2924 Crucem
490 2839 518 2905 in
531 2848 643 2922 ,medio
657 2846 766 2908 nitaris
787 2862 946 2925 expressus
976 2846 1068 2905 habe·

111 2935 164 2989 tur
199 2927 229 2984 in
250 2930 456 3004 manuscripto
488 2921 886 3005 codiiffsdiictaeaiiariae
908 2926 1066 2986 Remensis

111 3015 144 3070 et
176 3007 209 3067 iu
233 3006 298 3067 aliis
320 3010 431 3069 multis.
461 3007 540 3082 Quid
562 3014 663 3071 autem
693 3011 814 3071 denotet
845 3016 918 3069 tum*
933 3007 1015 3069 Crux
1037 3008 1065 3065 in

111 3090 217 3151 medio
238 3087 363 3158 ditaris,
387 3095 451 3150 tum
474 3096 603 3167 quatuor
624 3092 694 3153 illae
717 3092 753 3153 ab
775 3090 923 3167 Episcopo
945 3089 974 3146 iu
995 3104 1068 3163 qua-

113 3178 185 3233 tuor
218 3170 360 3231 cornibus
391 3169 526 3247 ejusdem
555 3172 668 3232 Altaris
701 3174 890 3249 impressae,
926 3169 1068 3247 mysticas

113 3253 209 3315 hasce
230 3253 362 3312 rationes
382 3252 690 3329 assignat-Durandus
712 3253 778 3312 Lib.
799 3251 818 3311 -1
832 3251 1003 3317 Rationalis
1021 3248 1069 3311 di·

112 3338 256 3397 oinorum
281 3331 458 3416 officiorum,
482 3333 555 3413 Cap.
580 3332 651 3395 Vll.
675 3332 726 3394 Ait
748 3350 856 3411 nempe
879 3332 1008 3393 Crucem
1038 3334 1068 3391 in

114 3415 218 3479 medio
240 3413 353 3476 ditaris
383 3414 551 3494 significare
584 3416 780 3494 passionem,
812 3430 903 3493 quam
931 3412 1069 3475 Christus

115 3499 145 3558 in
168 3495 271 3557 medio
293 3502 394 3558 terrae
416 3498 527 3569 subiit,
551 3502 582 3557 et
603 3515 657 3575 per
680 3514 770 3573 quam
793 3500 933 3575 operatus
954 3501 1000 3555 est
1020 3512 1068 3553 sa·

114 3580 215 3642 lutcm
247 3577 277 3639 io
299 3578 399 3641 medio
422 3584 546 3648 terrae,
569 3578 646 3640 idest
677 3578 706 3638 in
728 3576 914 3705 Jerusalem:
939 3578 1071 3652 quatuor
