2567 4042
604 211 829 284 nillil&

242 343 369 404 Classis.
393 344 518 404 Ceterae
539 342 647 402 Feriae
672 341 823 419 Maiores,
846 345 930 419 'quae
953 339 1052 401 Fastis·
1071 339 1185 417 Duplici

246 428 327 493 bus,
361 432 413 486 aut
447 427 537 486 etiam
571 425 815 499 semiduplieibus
848 428 876 484 in
909 426 945 483 iis
973 424 1186 484 occurrentibus

248 511 376 575 cedunt,
401 509 540 568 dicuntur
563 525 622 564 non
640 508 874 588 privilegiatae,
900 508 1041 566 nimirum
1064 511 1186 581 respectu

249 589 410 652 Fastorum
434 607 542 648 norem
565 590 764 657 Lectionum3
788 607 856 647 nam
879 589 976 648 Pestis
1000 588 1187 665 simplicibus,

250 693 284 734 ac
307 672 426 752 Vigiliis
448 673 549 737 etiam,
577 673 633 731 bae
656 690 714 731 uon
737 672 862 738 cedunt,
886 672 991 731 saltem
1014 673 1109 746 quoad
1129 668 1189 728 otta

249 759 343 818 cium.
371 754 505 830 lienique
527 753 633 813 Feriae
656 755 787 814 minares
810 771 1018 830 perannum,
1043 752 1135 827 qualis
1152 757 1190 810 est

249 840 340 900 etiam
363 836 449 898 Faria
468 835 509 895 tlt
533 835 755 911 Rogatianum,
779 836 888 894 cedunt
910 837 1094 910 cuicumque
1114 832 1191 892 Festo

250 923 341 982 etiam
356 919 665 986 trium‘Lectionum3
691 920 730 977 ita
754 925 787 977 ut
807 917 947 976 incilicia
967 919 1148 978 occurrrautis
1166 916 1190 971 iu

249 1021 285 1065 ea
305 1001 385 1062 Festi
408 1001 562 1076 simplicis,
587 1000 625 1058 dc
646 1000 798 1074 praedicta
819 997 907 1058 Faria
924 999 965 1059 lll
987 998 1192 1073 Rogatianum,

250 1090 281 1144 et
296 1083 390 1143 mullo
407 1085 500 1158 magis
515 1083 552 1142 dc
569 1082 634 1140 aliis
649 1081 755 1150 Feriis,
774 1100 810 1141 ue
826 1083 1073 1141 commemoratio
1085 1080 1191 1156 quidem

250 1167 313 1226 fiat.
331 1163 461 1224 Eaedem
473 1164 578 1224 Feriac
591 1165 722 1224 minores
737 1182 913 1238 perannum
930 1164 1041 1223 cedunt
1052 1165 1139 1221 etiam
1149 1161 1193 1220 ol-

250 1248 317 1308 ficio
332 1248 524 1308 Beatissimae
546 1247 663 1323 Virgini
685 1245 798 1306 Mariae
822 1246 1011 1309 insensato,
1035 1246 1107 1304 item
1124 1243 1191 1319 Vigi-

253 1333 311 1398 liis,
337 1345 391 1388 nec
414 1347 470 1387 uon
494 1331 599 1389 diebus
622 1329 697 1387 inira
719 1327 864 1394 Octavam
886 1330 1028 1404 aliquam,
1052 1345 1087 1385 ae
1108 1344 1125 1384 a
1145 1326 1196 1384 lor·

242 1415 322 1474 ·tiori
346 1412 417 1487 ipsis
437 1411 569 1470 Oetacis.

294 1493 334 1554 ll.
359 1492 483 1570 Vigiliao
505 1511 564 1552 vox
587 1511 603 1552 a
624 1491 776 1569 vigilando
797 1492 961 1556 derivatur,
986 1509 1022 1550 eo
1045 1489 1123 1565 urrod
1143 1488 1198 1564 pri·

253 1577 312 1636 scis
326 1577 478 1634 Ecclesiae
502 1577 687 1652 temporibus
709 1573 843 1633 solerent
865 1573 969 1633 fideles
993 1575 1022 1630 in
1041 1571 1197 1648 praecipuis
1246 1628 1247 1635 ,

253 1657 480 1718 Festivitatibus
503 1665 620 1716 noctem
645 1657 673 1714 in
697 1654 831 1714 Ecclesia
854 1655 961 1714 divinis
983 1655 1121 1714 laudibus
1140 1669 1197 1711 cou-

254 1757 397 1800 sacrare:
424 1757 551 1814 quarum
568 1738 690 1814 qrridem
706 1738 886 1814 Vigiliarum
903 1737 1064 1796 Mediolani
1081 1736 1143 1796 lieri
1157 1751 1199 1794 so
1246 1748 1247 1793 t

253 1823 375 1881 litarum
405 1821 435 1880 S.
462 1821 645 1896 Augustinus
678 1821 706 1877 in
729 1819 878 1880 Psalmum
904 1818 964 1879 118
985 1835 1126 1894 expresse
1144 1832 1199 1875 me·

255 1906 351 1964 minit.
377 1904 408 1966 S.
425 1903 565 1962 Paulinus
587 1904 616 1960 in
633 1901 703 1961 Vita
725 1902 755 1962 S.
774 1901 894 1960 Martini
917 1902 982 1960 Lib.
1001 1900 1044 1960 lll
1070 1903 1198 1960 testatum
1246 1974 1247 1977 Ἴ

254 1987 323 2046 lacit
338 2004 455 2054 rnorem
480 1985 558 2044 hunc
583 1986 610 2042 iu
627 1985 766 2043 universa
782 1983 915 2042 Ecclesia
932 1983 1024 2042 luisse
1042 1987 1197 2058 receptum.
1246 2006 1247 2037 t

254 2070 297 2128 Aa
314 2069 434 2142 quidem
450 2065 702 2142 Constantinopoli
721 2063 889 2125 ·S.loannes
903 2063 1153 2142 Chrysostomusa
1167 2077 1199 2118 eu

248 2149 386 2210 ‘Palladio
402 2169 408 2206 :
427 2147 541 2207 Fideles
556 2147 659 2207 Laiaas
682 2148 897 2205 exhortabatur
918 2146 1034 2223 Vigiliis
1056 2142 1199 2204 nocturnis
1246 2194 1247 2197 ,

256 2234 289 2292 in
304 2229 435 2290 Ecclesia
449 2231 599 2296 insistere,
624 2247 693 2288 cum
717 2230 797 2288 idem
820 2234 939 2288 sanctus
965 2228 1075 2286 Ductor
1098 2222 1200 2286 altile

256 2313 338 2373 milia
355 2312 396 2371 ‘26
417 2315 445 2370 in
462 2313 530 2370 Aet.
549 2312 775 2388 Apostolorum,
792 2309 925 2369 Ecclesia
940 2311 997 2369 Ilei
1018 2309 1124 2368 mediis
1143 2323 1199 2366 sttr-
1246 2310 1247 2351 ἶ

258 2407 308 2472 pat
330 2395 470 2453 noctibus.
494 2393 527 2452 ln
544 2393 646 2452 Africa
668 2412 740 2452 vero
762 2397 799 2450 eir
816 2391 939 2450 Victore
962 2391 1079 2450 Vilensi
1103 2385 1197 2449 trull
1246 2456 1247 2465 χ

253 2481 320 2558 jam
336 2479 369 2534 ob
392 2476 598 2541 celebritatem,
611 2473 792 2534 Festicitatis
807 2471 920 2551 Hymni
942 2477 1091 2537 tamtarni,
1103 2491 1156 2550 per
1166 2480 1198 2528 lc
1246 2470 1247 2547 l

258 2569 319 2618 ianr
337 2556 501 2616 Ecclesiam
523 2569 645 2615 canente
658 2558 778 2635 populo,
790 2557 1017 2632 concrepabant.
1042 2553 1117 2615 Cum
1138 2568 1197 2610 raro
1246 2552 1247 2595 ἲ

257 2642 338 2699 circa
354 2641 544 2698 undecimum
562 2640 716 2698 saeculum
732 2639 860 2696 abolitae
875 2643 943 2695 sunt
957 2637 1097 2711 Vigiliae,
1113 2637 1147 2694 iis
1158 2634 1195 2711 je·
1246 2624 1247 2711 i

255 2721 374 2798 junium
395 2721 552 2779 sutilectum
571 2720 627 2778 luit
642 2722 690 2780 dic
706 2720 867 2794 praecipue
890 2719 966 2778 haec
983 2716 1069 2777 Festa
1088 2732 1192 2794 praece·
1246 2724 1247 2747 t

259 2805 357 2868 dente,
376 2804 426 2877 qui
444 2801 551 2876 Vigilia
571 2804 692 2875 proinde
705 2801 882 2878 appellatur,
906 2801 985 2875 quod
1002 2817 1038 2858 co
1055 2801 1103 2860 die
1118 2799 1193 2860 lllissa

257 2886 434 2948 celebretur,
459 2901 537 2958 quac
554 2891 639 2942 autea
663 2892 750 2942 noctu
767 2884 940 2940 dicebatur.
964 2880 1040 2940 Cum
1058 2901 1129 2942 vero
1142 2884 1197 2940 aule

260 2967 291 3027 S.
318 2965 359 3024 Pii
383 2966 410 3028 V
435 2971 570 3039 tempora
599 2966 688 3024 ltlissa
721 2967 782 3024 sala
809 2965 923 3041 Vigiliis
952 2965 1015 3022 istis
1037 2965 1194 3024 diceretur.

259 3048 372 3108 addidit
388 3049 436 3106 illc
453 3046 547 3105 leriali
564 3046 671 3106 Officio
682 3045 846 3105 Humiliam
863 3049 891 3103 in
906 3044 1114 3122 Evangelium,
1131 3039 1195 3120 quod

262 3131 298 3188 ad
320 3130 444 3190 lllissam
471 3129 647 3203 legebatur,
671 3136 703 3187 et
723 3127 908 3194 Collealam3
937 3135 1024 3186 aulea
1047 3131 1124 3186 euim
1146 3123 1196 3184 uui-

260 3229 381 3272 versum
403 3211 534 3269 cilicium
558 3210 595 3274 dc
617 3208 706 3269 Faria
728 3211 954 3270 desumebatur.
983 3208 1137 3280 Quaedam
1157 3203 1196 3263 Vi·

262 3293 349 3368 giliae
365 3294 427 3352 sine
441 3291 557 3368 jejunio
579 3293 784 3357 celebrantur,
807 3293 947 3351 videlicet
959 3290 1067 3366 Vigilia
1085 3289 1195 3366 Epipha-

263 3377 352 3441 niae,
378 3379 408 3432 et
431 3373 620 3432 ascensionis
642 3373 784 3433 Domini,
818 3375 855 3433 de
877 3391 1006 3449 quarum
1027 3370 1140 3451 jejunio
1158 3371 1194 3430 lex

174 3449 179 3464 '
264 3455 345 3514 trulla
366 3463 421 3513 est.
447 3453 553 3531 Vigilia
575 3473 724 3514 occurens
746 3458 775 3515 in
798 3455 952 3514 Dominica
982 3454 1155 3514 transfertur
1172 3453 1195 3508 iu

263 3535 423 3596 Sabbatum
448 3535 646 3612 praecedens,
669 3538 804 3614 exceptis
825 3537 942 3610 Vigiliis
964 3536 1130 3595 Natiuitatis
1151 3535 1198 3592 lla

262 3618 335 3678 mini
366 3621 397 3676 et
424 3618 633 3694 Epiphaniae,
666 3619 705 3678 de
727 3619 837 3696 quibus
858 3617 893 3677 tit
913 3617 1053 3678 (liliatum
1080 3634 1116 3676 ea
1136 3616 1197 3677 tle,
