2567 4042
605 210 832 281 &Elima-

242 338 428 416 repentinam
452 356 517 400 rem
538 356 615 407 esse,
638 342 673 398 ut
693 337 878 414 baptizentur
900 338 951 415 qui
973 338 1011 398 alr
1032 337 1191 406 haereticis

240 422 272 480 in
294 416 460 482 Ecclesiam
482 423 617 485 veniunt,
640 418 693 480 sed
717 423 828 482 multos
850 437 942 480 annos
964 437 1050 488 esse,
1076 439 1118 480 ex.
1134 437 1194 496 quo

228 503 298 564 -sub
320 502 488 580 Agrippino
510 505 538 562 id
561 500 702 580 Episcopi
724 503 754 561 in
775 501 907 563 Concilio
929 506 1110 571 statuerant,
1133 519 1192 562 non

242 583 368 645 obscure
390 586 427 645 de
450 586 580 648 novitate
600 584 748 660 opinionis
770 601 842 644 suae
865 583 1035 653 confitetur,
1052 584 1193 660 illiusque

241 665 355 726 iontem
377 674 409 728 et
429 673 518 744 ceput
532 665 732 743 Agrippinum
756 666 899 742 agnoscit.
917 665 975 726 Sed
996 667 1032 724 ad
1055 683 1119 726 rem
1141 683 1195 726 au-

240 747 340 808 diatur
361 747 391 808 S.
406 749 467 809 Leo
482 747 619 828 Epistola
634 746 693 806 tua
709 745 749 806 ad
764 743 901 808 Nicetum
917 746 1098 828 Episcopum
1115 743 1189 824 Cap.

239 828 277 888 7:
301 827 364 903 Qui
384 831 564 909 baptismum
585 830 621 889 ad
634 828 789 888 haereticis
804 833 991 908 acciperunt,
1009 849 1074 888 cum
1096 839 1190 890 antea

240 910 385 990 baptizati
406 931 466 970 non
487 913 624 990 fuissent,
648 913 710 970 scta
730 911 914 970 inuocatione
939 908 1072 990 Spiritus
1088 911 1197 972 Sancti

237 993 535 1072 per.impositionem
554 1011 701 1052 manuum
723 991 922 1072 confirmandi
942 1003 1020 1054 sunt.

612 1152 738 1214 CAPUT
760 1154 815 1216 llt.

545 1336 587 1380 DE
607 1299 881 1382 PAEDOBAPTssMO.

283 1484 308 1544 l.
333 1484 519 1560 Baptismum
541 1483 698 1544 infantium
720 1483 788 1542 inde
811 1502 905 1559 usque
927 1501 945 1542 a
967 1484 1088 1542 saeculo
1109 1480 1195 1558 Apo·

242 1566 387 1627 stolorum
409 1566 551 1641 viguisse,
570 1571 798 1641 constanterque
822 1567 850 1624 in
866 1564 998 1625 Ecclesia
1020 1567 1190 1631 servatum,

235 1647 331 1710 certis
351 1647 583 1722 indubitatisque
605 1647 784 1711 testimoniis
799 1647 971 1708 edocemur.
989 1644 1090 1722 Atque
1106 1648 1140 1704 ut
1153 1645 1194 1706 111

225 1729 303 1805 ‚ipsa
325 1728 486 1806 apostolica
509 1733 607 1787 aetate
629 1729 844 1797 exordiamur,
867 1727 898 1788 S.
922 1727 1059 1808 Clemens
1083 1723 1194 1793 Roma-

238 1827 295 1870 nus
318 1808 450 1888 Epistola
472 1808 512 1868 ad
534 1809 705 1877 Corinthios
728 1809 855 1872 inientes
877 1808 1035 1886 originaria
1057 1807 1124 1868 labe
1146 1807 1194 1867 in·

241 1891 381 1968 quinales
407 1910 474 1953 esse
501 1897 603 1968 aperte
633 1891 771 1962 adserit3
795 1911 846 1955 cos
866 1893 955 1970 igitur
976 1891 1124 1969 baptismo
1152 1890 1193 1950 ab

239 1970 324 2034 hisce
345 1975 481 2036 sordibus
502 1974 665 2036 abluendos
688 1991 754 2035 esse
772 1972 921 2052 inteiligit3
938 1974 1047 2050 quippe
1069 1971 1106 2032 de
1121 1989 1194 2048 par-

240 2054 317 2118 vulis
338 2055 425 2118 Iesus
445 2055 584 2117 Christus
606 2056 740 2121 dixerat:
766 2057 873 2117 tatium
897 2063 937 2116 cst
951 2071 1077 2133 repnum
1099 2053 1194 2112 coeto·

238 2155 308 2196 rum
324 2179 332 2206 ‚
357 2145 447 2216 atquc
468 2138 539 2197 iesu
558 2138 678 2200 Christo
693 2139 829 2200 docente:
842 2140 903 2199 nisi
914 2138 980 2232 quis
991 2145 1114 2196 renatus
1127 2136 1192 2213 fue

237 2220 281 2278 rit
302 2239 341 2279 ea
354 2239 436 2299 aqua
451 2229 478 2280 et
494 2217 612 2297 Spiritu
626 2220 744 2290 Sancte,
758 2238 818 2279 non
833 2229 927 2300 potest
946 2220 1073 2278 introire
1094 2218 1128 2276 in
1141 2235 1193 2276 re-

238 2319 329 2377 pnum
350 2305 507 2363 coetorum.
525 2300 688 2378 irenaeus,
713 2304 762 2378 qui
784 2308 927 2380 uergente
949 2299 1069 2360 saeculo
1090 2298 1193 2374 primo

238 2387 337 2449 uetus,
360 2384 459 2446 altero
475 2381 626 2444 Ecclesiae
651 2385 770 2444 saeculo
791 2383 903 2457 lloruit,
928 2390 957 2443 et
979 2383 1078 2442 Sancti
1102 2377 1191 2458 Poly-

238 2465 332 2539 carpi
356 2467 406 2542 qui
428 2465 607 2541 Apostolum
628 2459 773 2526 loannem
796 2467 921 2535 audivit,
937 2464 1100 2541 discipulus
1116 2462 1187 2529 luit,

237 2547 352 2622 peccati
367 2547 517 2624 originalis
538 2547 703 2607 doctrinam
725 2565 876 2624 exponens
898 2546 972 2606 illud
994 2545 1108 2605 nonnisi
1131 2561 1189 2621 per

237 2626 424 2701 Baptismum
436 2628 529 2688 deleri
545 2628 641 2694 docet,
655 2647 753 2706 coque
769 2630 885 2692 adultos
900 2645 995 2704 aequo
1013 2646 1047 2688 ac
1063 2623 1191 2688 inientes

235 2707 381 2784 indigere,
398 2718 432 2771 ut
447 2711 485 2770 ab
499 2729 535 2771 ea
556 2711 718 2789 originaria
735 2711 800 2772 labe
816 2713 984 2776 abluantur,
1001 2708 1191 2787 apertissime

237 2789 328 2850 tradit
343 2791 444 2853 stall
456 2792 599 2853 adversus
616 2792 756 2854 haereses
767 2791 839 2873 Cap.
850 2792 1051 2868 39.0rigenes
1062 2789 1112 2866 qui
1128 2794 1188 2850 ter·

238 2871 279 2931 tio
295 2872 415 2935 ineunte
429 2875 547 2936 saeculo
569 2873 682 2946 lloruit,
701 2876 730 2935 in
746 2876 821 2936 lranc
835 2891 901 2936 rem
923 2872 1091 2935 testimonia
1111 2871 1190 2934 adeo

236 2960 307 3015 sunt
322 2955 425 3024 multa,
443 2965 474 3018 et
487 2963 603 3034 aperta,
619 2963 653 3018 ut
676 2958 749 3018 nihil
770 2975 841 3018 sanc
856 2954 1127 3034 desideraripossit
1140 2952 1189 3014 lu-

237 3036 399 3098 culentius.
423 3037 501 3100 lllud
523 3039 592 3100 heic
613 3028 829 3101 advertendum
851 3038 937 3104 duco,
960 3035 1124 3114 Origencm
1144 3037 1189 3094 rri-

236 3118 349 3178 mirum
371 3138 429 3180 uon
452 3121 541 3181 modo
563 3122 604 3180 ita
625 3122 706 3198 loqui
726 3123 763 3182 de
786 3120 1054 3198 Paedobeptismo,
1078 3123 1191 3186 utsua
1280 3125 1281 3162 1

236 3205 335 3263 aetate
351 3200 434 3261 illum
457 3204 486 3262 in
501 3201 633 3262 Ecclesia
650 3204 780 3280 viguisse
796 3202 952 3281 significet,
965 3218 1073 3262 verum
1096 3199 1190 3260 etiam

112 3318 118 3332 ·
230 3280 316 3352 ,itlius
337 3284 481 3361 originem
503 3285 541 3345 ab
563 3286 626 3360 ipsa
648 3284 746 3346 divina
771 3285 953 3348 institutione
975 3281 1190 3360 repeteretlit

236 3362 317 3422 enim
340 3364 368 3422 in
390 3363 487 3444 Caput
514 3373 631 3427 sextum
656 3363 808 3444 Epistulae
837 3361 1188 3429 annominasset

236 3439 365 3519 Caputd
380 3444 514 3508 Ecclesia
533 3450 570 3508 ad
582 3446 729 3525 Apostatis
745 3448 939 3509 traditionem
954 3445 1079 3524 suscepit
1096 3443 1188 3504 ctiam

233 3527 372 3600 parentia
400 3529 575 3607 baptismum
598 3528 683 3590 dere.
711 3527 851 3591 Sciebant
877 3532 956 3591 enim
977 3529 1049 3597 itti,
1080 3525 1191 3606 quidus·

236 3609 448 3683 mysteriorum
470 3610 858 3684 secrctamsecretam,
883 3613 955 3693 quia
978 3617 1069 3671 essent
1096 3607 1131 3666 in
1158 3627 1188 3664 o·
