2567 4042
485 185 544 246 ae
566 166 635 242 ΞΜ
648 183 709 244 iiiia

114 306 240 378 ,acueris
265 305 454 374 involucrum
476 315 692 385 peccatoram,
718 305 858 366 induaris
885 307 1076 366 innocentiae

112 397 206 448 ¹carta
219 389 389 449 calamina.
404 383 592 466 Hujuemodi
615 406 705 464 porro
726 393 827 456 vestes
848 406 902 464 ner
923 394 992 448 octo
1012 388 1076 448 dies

123 487 141 530 a
164 469 326 547 neophytis
348 469 564 544 gestabantur3
591 469 669 528 uude
684 469 757 538 dies,
773 488 834 546 qua
856 470 925 530 illae
946 469 1076 548 depone·

122 551 253 622 bantur,
278 550 451 612 Damiaiaaa
475 552 510 610 ia
531 549 612 612 Albis
640 552 898 613 nomenclaturam
926 552 1077 626 accepisse

121 634 324 695 existimatur.
337 632 446 704 Vestes
468 631 550 709 ipsae
566 633 698 694 studiosa
719 635 749 692 in
766 632 901 696 Eccleua
916 634 1077 694 servaban-
1175 687 1179 699 „

124 721 173 790 tur
195 719 340 790 tanquam
363 715 568 784 testimoium
592 714 788 792 professionis
808 718 838 777 in
852 717 1014 793 'Baptismo
1037 714 1078 774 ia·

110 801 199 867 ctae.
226 794 371 857 Albarum
394 797 524 859 vestium
551 797 689 874 symbola
711 797 812 858 Sancti
833 798 938 859 Patres
964 794 1077 873 signifi-

115 879 187 954 cari
210 878 328 948 docent,
353 885 416 938 tum
441 879 673 940 resurrectionis
694 879 820 954 gloriam
847 881 998 956 adquam
1021 897 1076 955 per

123 959 312 1040 Baptismum
335 961 497 1028 nascimur,
516 967 579 1022 tum
602 961 730 1020 nitorem
752 967 783 1022 et
805 961 1071 1037 pulchritudinem,

123 1059 185 1118 qua
199 1042 305 1101 deletis
326 1049 519 1118 peccatorum
537 1043 672 1108 maculis,
690 1044 789 1103 anima
804 1045 832 1103 in
847 1043 1002 1120 Baptismo
1015 1060 1074 1102 or·

116 1129 238 1199 natur,
261 1127 324 1184 tum
348 1124 549 1184 innocentiam
571 1128 602 1184 et
622 1124 839 1202 integritatem,
861 1143 954 1203 quara
976 1125 1073 1202 bapti-

124 1211 209 1266 zalus
238 1205 369 1265 inomni
393 1207 452 1265 vita
480 1223 602 1267 servare
625 1205 724 1266 debet.v
749 1207 856 1268 Affinis
883 1207 952 1267 ritui
981 1207 1076 1284 impo-

125 1287 240 1348 nendae
260 1287 405 1348 candidae
427 1289 520 1350 vestis
541 1286 689 1364 baptizato
704 1288 715 1350 ’.
739 1296 786 1350 est
806 1290 857 1349 ille
879 1289 1000 1365 quidem
1022 1287 1074 1364 qui

116 1367 336 1434 'olim,·alicubi
358 1370 476 1438 sallem,
498 1367 639 1444 obtinuit,
664 1370 829 1432 redimendi
851 1369 965 1432 scilicet
986 1369 1074 1428 sertis

94 1495 96 1500 -
120 1456 156 1514 et
177 1450 296 1510 coronis
318 1455 409 1526 eaput
430 1451 582 1528 baptizati.
599 1449 703 1512 Testes
724 1458 795 1514 suut
816 1451 881 1530 ejus
903 1453 979 1512 ritus
999 1451 1077 1509 anti·

124 1551 204 1609 quus
225 1529 307 1590 Ordo
329 1531 475 1610 Baptismi
490 1533 595 1610 Severi
617 1531 809 1596 Patriarchae
830 1533 1025 1595 Alexandrini
1047 1549 1076 1590 a·

125 1615 209 1688 liiqui
231 1607 367 1674 lliluales'
388 1612 483 1674 Libri.
743 1620 751 1678 ,’

149 1695 237 1769 xli.
262 1693 366 1756 Ritum
389 1713 509 1773 quoque
536 1715 603 1764 esse
630 1698 870 1774 antiquissimum
896 1699 927 1757 in
949 1695 1080 1756 Ecclesia

102 1825 104 1832 ,
121 1787 192 1841 tum
208 1776 312 1838 Latina
336 1781 400 1836 tum
415 1775 541 1846 Graeca,
566 1784 599 1840 ut
620 1785 688 1855 post
715 1786 832 1842 vestem
854 1781 1009 1840 candidam
1032 1778 1082 1837 ba·

118 1860 246 1937 ,ptizatis
268 1876 408 1919 aecensus
430 1877 536 1920 cereus
558 1860 778 1937 praeberetur,
803 1860 900 1921 Latini
921 1860 1025 1921 Patres
1045 1877 1081 1918 ac

125 1941 237 2004 Graeci
261 1943 418 2019 perspicue
441 1947 599 2002 testantur.
623 1939 727 2003 Ritum
754 1943 834 2003 hune
856 1943 1001 2004 describit
1020 1939 1081 2000 Na-

125 2024 297 2094 zianzenus,
321 2018 456 2098 ejusque·
469 2022 614 2084 rationem
638 2021 873 2099 explicabilem.
889 2024 955 2084 -XL
977 2021 1083 2082 cha-

120 2107 244 2184 parisino.
271 2103 446 2180 Lampadas,
471 2123 545 2183 qaae
564 2103 721 2171 'accendam
736 2106 820 2166 illias
841 2107 991 2165 laminam
1012 2103 1084 2182 fiae·

125 2205 194 2247 ram
206 2195 327 2263 careat,
340 2203 406 2246 cam
419 2189 524 2266 quibas
536 2183 788 2265 apiaaaraaFiaai
798 2185 987 2268 lampadibus
996 2183 1082 2248 Cirri-

124 2279 169 2342 Ιειο
198 2285 304 2344 apansa
331 2269 446 2328 obviam
469 2267 667 2348 prodibimar.
700 2266 867 2347 Gregorius
897 2267 1082 2328 Turonensis

124 2350 192 2411 Lib.
216 2347 250 2409 V·
265 2345 346 2410 Hier.
369 2347 559 2410 Francorum
578 2349 655 2427 Cap.
679 2349 748 2420 xl,
772 2369 850 2412 cum·
864 2351 998 2428 plurium
1017 2344 1084 2408 He-

128 2434 304 2499 braeorum,
329 2431 536 2505 quosrdvitus
558 2431 920 2508 EpiscopusVienuensis
936 2431 978 2492 ⁴ad
999 2427 1085 2491 Chri·

127 2514 166 2575 sti
187 2511 291 2576 Fidem
314 2511 499 2588 adduxerat,
524 2512 711 2589 Baptismum
739 2518 862 2582 narrat,
886 2514 1014 2592 ingentis
1034 2517 1103 2572 ce·‘
1139 2546 1141 2551 >

125 2595 251 2658 reorum
274 2593 442 2656 ardentium
466 2595 570 2671 copiae
597 2597 760 2657 meminit:
784 2597 955 2677 floarabaat
976 2594 1054 2655 ccrai
1067 2635 1075 2663 ,

124 2677 231 2754 iuquit,
248 2673 400 2754 lampadae
415 2677 613 2754 rescribebant,
629 2679 777 2753 albicabat
794 2687 857 2738 tota
871 2679 976 2739 ciaitaa
997 2693 1085 2753 oreae
1127 2720 1129 2722 ψ

122 2755 271 2822 ,candido
290 2755 366 2817 lllud
388 2763 491 2818 autem
515 2757 679 2821 observatu
700 2769 746 2821 est
769 2759 903 2838 dignum,
927 2758 1017 2836 quod,
1040 2756 1085 2816 uti

128 2844 213 2902 notat
234 2837 381 2910 Marione,
404 2841 448 2900 eis
468 2840 592 2902 extincti
610 2841 846 2920 porrigebantur
867 2841 948 2902 cerei
970 2838 1033 2916 sul>¹
1048 2837 1085 2898 ii·

125 2940 199 2984 nem
214 2918 362 2991 Litaniae‘,
378 2940 466 2998 quae
478 2928 546 3002 pasl
559 2921 749 3000 baptismum
770 2923 996 2988 decantabatur,
1019 2925 1086 2980 tan-

128 3013 193 3068 tum
216 3003 409 3064 accendendi.
426 3002 519 3080 Cujus
540 3003 664 3080 quidem
681 3006 757 3067 ritus
773 3010 864 3066 testes
879 3011 948 3066 sunt
962 3002 1087 3065 Amala-

128 3088 193 3148 rius
230 3089 261 3145 et
282 3082 439 3154 dicuinus.
463 3085 550 3147 Cerei
579 3086 714 3148 ardentis
749 3087 870 3150 traditio
897 3082 1084 3163 significatur

128 3166 295 3246 baptizatos
317 3166 443 3245 implere
466 3168 576 3230 debere
597 3169 681 3244 quod
709 3165 847 3229 Christus
870 3169 900 3226 iu
921 3165 1087 3243 Evangelio

128 3249 217 3329 jubet
238 3245 350 3308 Matth.
373 3248 428 3312 Sia
445 3250 556 3310 iaceat·
571 3251 628 3310 laaa
647 3260 747 3325 eastra
770 3268 873 3310 caram
892 3248 1082 3317 bominibus,

128 3340 164 3394 ai
184 3328 308 3390 videant
328 3349 421 3408 opera.
438 3341 537 3392 aestro
558 3333 645 3400 bona,
668 3341 696 3391 ct
710 3328 888 3412 «clarificent
905 3329 1088 3392 Patrcmae·
1171 3389 1174 3392 ,

127 3419 225 3474 stram
247 3410 301 3490 qai
321 3411 362 3472 ia.
377 3415 467 3476 codis·
483 3423 535 3474 aet.
552 3409 743 3492 Significatur
763 3415 886 3491 insuper
906 3412 986 3490 quod
1002 3410 1086 3489 Apo·

130 3494 225 3556 stolus
247 3493 290 3553 ait
310 3491 517 3576 ad·Ephesios
538 3494 613 3571 Cap.
639 3494 666 3556 V
689 3493 796 3557 Eraria
821 3493 987 3577 aliquando
1012 3503 1086 3554 taar-

131 3577 212 3646 brae,
236 3585 440 3636 manantem
461 3579 517 3638 tua
539 3576 573 3636 ia
589 3577 730 3641 Domina.
751 3575 789 3639 m
808 3577 873 3660 filii¹
886 3579 963 3640 laria
984 3577 1090 3637 amba·
1142 3618 1144 3623 -

902 3677 917 3705 ,
1075 3683 1077 3689 .
