2567 4042
514 193 577 258 ‘U
595 184 617 245 '1
636 189 700 255 w·

119 321 238 405 Aquae
254 312 457 396 benedictae,
470 311 652 382 domorum
674 309 854 380 inSahbsto
867 263 997 392 banoto,
1019 313 1079 384 do·

118 432 325 500 munnnuao,
343 419 511 499 Thalami,
528 439 627 486 norae
641 416 757 498 Navis,
772 417 889 496 Panis,
903 418 1084 487 Fmotuum
1123 446 1137 460 ’

120 525 334 596 etllsorom
347 521 524 604 Quartode
538 519 807 590 Pmeessiosibos
813 521 934 601 Quinto
947 521 1082 590 deExe

118 630 210 718 onio
232 639 271 704 ιιι
278 629 470 720 Sepulturis
482 627 581 698 Sexto
602 626 644 694 de
664 625 801 717 Ieiuniis
823 634 856 694 ot
877 627 1082 697 Exoroismis.

125 732 282 822 domimo
283 733 328 804 de
343 732 518 800 Ordinead
533 731 725 822 synodum,
747 729 930 804 deordino
940 730 985 799 ad
1008 732 1086 802 viti-

117 838 237 918 taudas
256 838 442 916 Parodaias,
464 837 504 905 de
515 836 637 904 Ordine
659 835 961 904 exeommunioandi
974 843 1010 904 et
1030 836 1084 906 ab·

118 943 293 1024 ιοιιιιιιιιί,
317 942 357 1010 do
381 942 502 1018 Ordine
520 942 564 1010 ad
586 940 851 1013 reoonoilioudnm
873 945 1084 1031 Apostolum,

118 991 368 1122 Schismaticum
379 1057 412 1113 et
425 1045 642 1124 Haereticam,
658 1045 700 1112 de
712 1044 834 1115 Ordine
846 1045 1083 1138 suspensionis,

125 1149 403 1224 Reconciliationis
424 1159 456 1217 at
471 1134 697 1240 Depositiouis.
713 1138 888 1218 Oetaoode
900 1151 1088 1220 Saommen·

121 1253 181 1330 tis,
197 1253 254 1320 obi
268 1275 399 1346 agemus
422 1255 516 1322 etiam
528 1253 567 1322 de
581 1254 741 1342 baptismo
755 1254 950 1335 adultorum,
958 1254 1006 1322 de
1018 1254 1086 1322 lor

126 1377 182 1425 ma
203 1357 413 1447 absolutionis
433 1357 527 1432 etde
549 1358 747 1426 absolutione
768 1357 809 1426 ab
823 1359 1084 1441 Exoommunien·

122 1461 213 1528 tione
235 1463 272 1548 in
292 1462 365 1532 foro
387 1463 555 1544 exteriori,
579 1462 618 1530 de
640 1462 752 1530 ordine
773 1458 1015 1531 administrandi
1035 1484 1086 1533 sa·

118 1587 216 1633 oram
231 1566 509 1658 commonionem,
522 1567 562 1635 de
576 1567 806 1636 Communione
820 1557 962 1639 Paschali
984 1576 1017 1636 et
1032 1569 1088 1640 iu·

127 1669 297 1746 firmorum
316 1719 326 1751 ,
350 1670 390 1739 do
411 1671 507 1740 modo
526 1671 661 1763 juvandi
682 1674 853 1740 morientes
884 1681 918 1754 et
939 1671 980 1740 de
1001 1693 1090 1742 oom-

122 1775 329 1864 mandatione
352 1777 489 1849 animae.
507 1777 598 1846 Nono
620 1775 662 1846 de
676 1777 792 1845 Divino
806 1775 929 1846 Officio.
959 1779 1089 1848 noum

119 1879 167 1950 oa
182 1881 281 1948 Fastis
304 1902 479 1972 eorumque
501 1882 669 1973 mysteriis.
686 1880 860 1951 Undecimo
881 1882 922 1962 de
939 1882 1089 1965 Vestibus

126 1995 164 2075 et
183 1986 274 2052 Vasis
298 1985 415 2080 Sacris.
433 1987 630 2054 Duodecimn
652 1985 692 2052 de
703 1979 876 2075 liturgiis.
892 1987 1090 2068 Docimoter·

123 2091 177 2158 <tio
199 2088 239 2158 de
254 2082 460 2159 Sacrosanoto
474 2091 590 2159 Missae
612 2089 787 2158 Sacrificio.
803 2091 898 2171 Quod
920 2091 948 2158 si
962 2091 1102 2170 ,leotor

123 2193 308 2274 henemle,
333 2196 368 2263 in
390 2195 449 2263 hac
471 2195 709 2264 elucubratione
732 2195 872 2262 invenies
894 2217 946 2263 me
967 2195 1007 2263 de
1030 2195 1088 2266 of·

125 2298 217 2378 doio,
240 2299 280 2367 de
294 2300 405 2380 Fastis,
423 2301 471 2367 De
485 2300 697 2368 Sacramentis
718 2299 802 2367 etde
817 2301 914 2368 Missa
930 2300 1028 2368 verba
1042 2300 1091 2368 fe·

122 2405 220 2485 aisse,
245 2425 328 2493 quae
349 2405 413 2472 alio
436 2405 588 2492 inopere
611 2405 663 2472 oui
688 2403 826 2480 titulus:
852 2405 1087 2493 Antiquitatum

121 2508 382 2601 Christianarum
415 2509 630 2586 Institutiones
659 2530 678 2576 a
700 2529 752 2575 me
774 2518 963 2598 pertractata
984 2519 1087 2589 snut,

127 2613 353 2681 unexistimes
376 2614 518 2681 eumdem
533 2613 629 2680 veluti
655 2611 814 2681 crambem
841 2635 892 2682 me
912 2615 1085 2685 reeoxisse.

126 2717 202 2785 Nou
224 2718 308 2788 enim
330 2728 363 2785 te
385 2718 458 2786 latet
473 2718 631 2789 Soieutias
649 2720 834 2808 praesertim
856 2741 960 2788 moras
980 2722 1091 2790 aretis-
1129 2796 1132 2800 Α

14 2829 15 2832 ’
123 2820 212 2889 ιῐιιιο
234 2820 373 2911 quodam
396 2822 524 2905 vinculo
546 2822 629 2889 inter
651 2842 718 2888 sese
740 2823 895 2914 oolligari,
910 2843 977 2912 qno
997 2823 1033 2890 lit
1047 2832 1085 2892 ut

124 2924 256 2994 easdem
278 2925 403 2994 diversa
427 2927 550 2994 ratione
578 2947 616 2993 ao
638 2927 785 2994 methodo
814 2948 881 2996 sese
901 2927 1090 2996 evolvendos

125 3031 279 3100 offerant.
296 3031 378 3100 Nam
394 3032 434 3100 de
456 3032 497 3100 iis
507 3029 608 3098 rebus
623 3052 704 3122 quas
718 3052 813 3121 supra
829 3033 1088 3108 commemorari,

127 3135 164 3202 in
187 3135 248 3202 hoe
269 3156 366 3225 opere
388 3137 434 3204 sio
448 3157 543 3227 agere
565 3134 646 3202 mihi
669 3145 792 3202 eertum
814 3133 888 3214 luit,
912 3142 951 3202 ut
970 3156 1092 3214 novum

129 3261 204 3308 sane
227 3239 350 3330 aliquid
373 3263 411 3309 ao
433 3230 700 3332 longedirersum
722 3247 755 3308 et
768 3240 917 3308 methodo
935 3228 1092 3308 atrorum

129 3342 267 3424 ordine,
296 3353 391 3435 prout
413 3346 498 3413 ratio
513 3345 580 3435 ipsa
603 3343 803 3435 postulabat,
828 3342 1090 3434 deprehenderes.

125 3446 226 3530 Quod
248 3440 379 3538 quidem
402 3471 440 3518 aa
463 3450 559 3518 etiam
584 3460 689 3518 mente
703 3449 852 3527 lenimus,
878 3458 914 3516 ιιι
928 3469 1093 3516 sacrarum

128 3573 240 3622 rerum
254 3552 357 3624 studia
377 3577 440 3624 uon
453 3575 519 3624 uno
534 3555 661 3622 nomine
682 3551 929 3645 oommeudanda
950 3550 1091 3620 arbitra·

268 3679 272 3688 ,
351 3649 365 3680 ιι
