2567 4042
586 103 804 176 wasem-
859 79 866 88 ’

222 230 318 292 satira
333 229 528 292 absolutionis
547 234 653 301 verba,
669 251 748 311 qnae
769 231 916 296 Sacerdos
936 230 1051 308 profert
1065 228 1129 308 Epo
1150 237 1178 288 te

222 313 345 372 abulae.
360 311 497 374 Minister
509 314 651 393 denique,
663 321 699 376 ut
708 318 751 378 ait
764 316 894 383 Rituale,
907 321 952 372 est
966 312 1109 374 Saaordm
1123 313 1180 371 ba-

222 394 289 454 bens
299 405 478 472 potestatam
499 397 683 466 absoluendi,
704 399 749 459 ool
770 397 970 464 ordinariam,
993 396 1039 455 oei
1060 394 1181 472 dataqu-

222 485 298 536 tam.
321 473 414 552 idque
441 479 478 538 de
500 477 573 540 Fide
594 480 751 542 delinitum
771 485 819 542 est
838 497 875 539 ex
898 476 1028 538 Decreto
1048 475 1180 552 Eugeuii
1264 474 1266 567 j

221 555 320 635 Papae
341 555 383 618 lv
406 561 436 620 iu
457 560 587 620 Concilio
609 560 792 634 Florentino,
807 567 890 622 etex
904 557 1038 620 Concilio
1051 557 1179 618 Triden-
1264 582 1266 611 ;

222 640 283 702 tino
306 637 442 702 Sessiono
464 641 540 702 xlv
563 643 635 722 Cap.
658 642 712 703 vt.

262 720 316 782 lll.
341 724 476 786 Minister
498 727 696 802 poenitentiae
710 733 756 788 est
777 723 953 803 Episcopus,
976 728 1028 784 aut
1048 720 1182 800 Presby-

221 810 279 866 ter.
304 801 428 866 Certum
450 807 487 868 de
509 806 567 868 ilde
589 815 635 870 est
656 809 686 868 in
707 809 844 868 ministro
865 806 1049 867 sacramenti
1070 803 1181 864 Poeni-

221 887 331 946 tentiae
353 885 502 964 duplicem
526 891 639 966 requiri
662 894 852 967 potestatem,
874 888 987 950 ordinis
1008 888 1123 947 scilicet
1145 892 1181 946 et

220 965 443 1046 jurisdictionis.
467 969 560 1032 Recte
590 977 691 1034 autem
707 976 796 1050 atque
810 976 978 1048 opportune
993 969 1066 1029 illud
1081 970 1179 1028 in-no-

223 1055 285 1110 stro
307 1050 419 1111 liituali
439 1051 571 1114 additum
592 1059 650 1124 cst,
663 1054 755 1131 quod,
779 1053 991 1131 opericulum
1001 1051 1103 1111 mortis
1118 1053 1180 1110 im-

221 1130 348 1201 mincat,
371 1135 610 1214 approbaturque
631 1136 706 1197 derit
730 1136 958 1214 confessarius,
983 1133 1102 1212 quilibet
1123 1131 1180 1192 Sa·

214 1211 324 1280 ,aerdos
341 1226 436 1294 potest
458 1237 476 1277 n
498 1221 728 1297 quibuscumque
750 1216 904 1286 censuris,
928 1226 954 1276 at
971 1217 1097 1294 peccatis
1126 1215 1179 1273 ob-

222 1298 341 1356 soluere.
360 1298 459 1374 Atque
476 1300 551 1360 haec
567 1304 614 1361 est
626 1307 714 1362 vetus
729 1297 881 1360 Ecclesiae
896 1297 1060 1374 disciplina,
1085 1313 1178 1372 quam

218 1385 371 1439 memorat
398 1379 616 1460 confirmatque
643 1381 808 1444 Concilium
836 1380 1042 1440 Tridentinum
1063 1374 1181 1438 Sessio-

217 1479 262 1524 ne
276 1459 352 1521 xlv
375 1459 478 1541 Capite
493 1463 561 1524 Vll.
585 1461 747 1541 Reliquum
770 1470 826 1530 est,
850 1468 885 1524 ut
904 1462 970 1522 illas
990 1459 1180 1521 Sacrameuti

221 1543 423 1604 Poenitentiae
445 1545 572 1606 Ministri
595 1546 680 1606 dotes
703 1564 781 1606 nunc
802 1544 1002 1621 explicemus,
1026 1560 1102 1619 quas
1123 1540 1178 1602 Ri-

223 1624 303 1686 tuale
325 1634 474 1688 memorat
494 1627 542 1702 uis
563 1627 675 1688 verbis:
699 1627 738 1687 In
759 1630 821 1708 ejus
843 1624 986 1686 Ministro
1007 1625 1178 1703 requiritur

224 1706 315 1766 otiam
337 1706 460 1777 bonitas,
483 1710 617 1781 edentia,
642 1707 907 1790 atqueprudeutia
926 1722 996 1772 oum
1017 1708 1115 1784 siqitlo
1137 1725 1178 1767 st·

218 1796 322 1868 varetae
340 1787 534 1867 Consaraiouis
548 1792 601 1860 sub
616 1802 732 1861 ennato,
750 1800 953 1870 perpetuoque
974 1789 1102 1850 Montio.
1119 1785 1179 1848 His

222 1869 310 1944 plane
333 1874 515 1945 concinunt,
544 1891 622 1949 quae
643 1873 749 1943 statuit
779 1872 811 1933 S.
834 1871 961 1933 Carolus
991 1873 1020 1932 in
1041 1869 1177 1931 Concilio

221 1947 402 2015 Provinciali
417 1954 431 2016 Ι
452 1953 675 2018 Mediolanensi.
698 1954 877 2018 Necessaria
891 1960 938 2017 est
951 1956 1051 2030 itaque
1073 1954 1103 2012 in
1118 1954 1178 2029 pri-

216 2035 281 2094 ,mis
303 2033 559 2098 Conso-tenturum
583 2039 824 2098 moderatoribus
851 2037 968 2098 bonitas
994 2041 1026 2094 et
1046 2040 1080 2095 ut
1100 2035 1177 2096 irre

222 2115 442 2192 prehensibiles
463 2121 532 2188 sint,
556 2125 588 2180 et
609 2122 668 2179 sint
688 2121 827 2196 exemplo
841 2117 980 2179 fidelibus
1001 2118 1031 2176 in
1045 2116 1117 2192 luga
1131 2119 1179 2176 vi·

224 2198 361 2268 tiorum,
385 2201 585 2262 inhonorum
618 2217 744 2278 operum
771 2201 1007 2268 exercitatione,
1036 2199 1065 2256 in
1093 2199 1178 2258 omni

223 2284 461 2344 conversatione.
486 2283 518 2344 ld
541 2286 628 2358 plane
650 2285 762 2361 passim
782 2284 890 2344 docent
916 2299 1019 2342 sacrae
1039 2279 1176 2357 Synodi,
1264 2336 1265 2347 ,

217 2379 258 2424 ,θα
273 2361 370 2423 Sancti
393 2363 506 2436 Patres,
532 2365 608 2426 inter
630 2382 706 2441 quos
726 2365 757 2426 S.
773 2363 937 2442 Gregorius
958 2362 1044 2422 Parte
1064 2362 1094 2422 ll
1116 2361 1177 2424 Cu·
1264 2364 1265 2369 ’

223 2461 276 2504 rae
302 2441 472 2507 Pastoralis.
504 2445 644 2508 Secundo
664 2448 831 2510 necessaria
853 2453 900 2508 est
929 2449 960 2506 in
980 2444 1178 2506 Sacramenta

219 2524 426 2600 ,Poenitentiae
447 2529 584 2590 Ministro
607 2529 752 2595 Sciantia.
769 2529 976 2592 Confessarius
997 2525 1096 2588 ludex
1116 2533 1175 2595 est,

223 2607 357 2668 medicus
379 2617 445 2672 est:
469 2609 583 2670 iudicis
603 2616 705 2672 autem
728 2617 759 2684 et
779 2610 888 2675 Medici
910 2627 1036 2672 munere
1068 2609 1174 2684 iungi,

224 2694 259 2748 ut
280 2708 334 2766 par
350 2699 404 2762 est,
429 2710 486 2756 non
502 2693 584 2754 salet
605 2694 670 2772 qui,
685 2694 807 2754 scientia
823 2693 915 2762 luerit
927 2693 1097 2753 destitutus.
1115 2688 1178 2752 Ne-

165 2803 167 2808 s
223 2772 350 2846 cessaria
372 2781 417 2835 est
446 2779 598 2851 praeterea
619 2772 821 2850 Poesitcntiae
845 2768 984 2836 Ministro
1016 2773 1177 2852 prudentia

217 2854 380 2930 ‚singularis
404 2862 468 2916 tum
488 2856 724 2932 adcasuumque
736 2857 900 2921 difficilium
923 2862 975 2933 qui
990 2855 1101 2934 passim
1124 2873 1177 2915 oc·

219 2945 332 3018 aurunt
345 2938 544 3010 solutionem,
568 2944 630 3001 tum
653 2939 690 3000 ad
705 2939 883 3001 salutarium
897 2938 1091 2999 consiliorum
1105 2956 1177 3014 sug-

216 3020 1174 3098 ¹gestionem,conuenientinmqneremediorumapplicationem.

220 3099 345 3162 Sumam
376 3103 468 3163 etiam
496 3104 636 3180 patientia
660 3109 691 3162 et
722 3103 903 3178 benignitate
934 3103 1083 3180 praeditos
1109 3119 1177 3162 osse

217 3189 339 3260 ‚oportet
360 3183 543 3250 Sacramenti
558 3185 767 3248 Paenitentiae
782 3183 951 3255 Ministros,
974 3185 1177 3261 utpoeniten·
1255 3236 1260 3253 ,

218 3265 296 3326 tium
320 3267 528 3335 rusticitatem,
552 3266 758 3344 ignorantiam,
782 3265 1026 3338 imbecillitatem,
1050 3267 1175 3326 tardita-

220 3351 306 3412 tem,
331 3348 477 3425 aliosque·
494 3348 629 3420 deiectus
650 3351 801 3424 patienter
833 3347 942 3409 lerant.
966 3346 1062 3408 Debet
1083 3350 1175 3408 etiam

221 3427 369 3490 Sacerdos
391 3431 607 3506 poenitentibus
630 3432 783 3507 compati,
806 3447 898 3503 uuam
920 3431 1046 3508 qratiam
1070 3449 1088 3490 a
1108 3430 1173 3490 Deo

165 3521 170 3529 ·
223 3509 347 3587 rogabat
378 3509 408 3570 S.
432 3510 610 3582 Ambrosius
637 3509 728 3572 Libro
750 3508 779 3575 tl
801 3510 846 3572 Dr
866 3509 1076 3581 Paenitentia,
1098 3507 1171 3588 Cap.
