2567 4042
606 213 836 284 *lisstlbitss-

238 342 377 402 diversus
399 346 553 401 teneretur
575 361 660 404 usus.
675 343 750 405 -Etst
772 347 856 405 omni
876 345 1099 414 urtott',·onmt'
1120 343 1197 402 oiim

237 426 370 500 formos,
395 423 564 483 bominibus
585 426 731 505 baptismo
754 427 930 496 conocuiot;
951 432 985 488 ut
1007 425 1144 500 loquitur
1164 424 1195 484 S.

236 504 404 582 Gregorius
426 503 627 566 Nazianzenus
649 511 682 568 irs
703 505 845 568 Oratiom
867 507 902 566 de
922 506 1099 585 Baptismo,
1125 507 1197 567 anti-

236 596 316 661 quae
340 593 439 645 tamen
463 586 543 662 leges
565 589 785 650 ecclesiasticae
808 587 1048 650 Catechumenos
1080 587 1196 648 nonnisi

238 668 293 728 diu
316 667 507 742 multumque
534 670 674 745 probatos
702 687 805 731 sacrae
837 670 1074 748 regenerationis
1103 669 1198 746 gratia

235 750 344 810 donari
367 749 594 826 permittebant.
612 750 751 830 Synodus
774 751 967 830 lllyberitana
981 750 1102 812 Canone
1119 749 1197 810 XXI

233 829 477 892 Catechumcnos
491 832 550 901 ,si
572 831 667 893 bonae
691 833 816 893 luerint
831 835 1067 896 conversationis
1087 875 1095 901 ,
1121 835 1197 891 intra

234 912 395 973 biennium
418 911 535 972 admitti
558 917 723 993 praecepit.
748 914 981 976 Constitutiones
1003 915 1196 990 Apostolicae

232 996 399 1054 terminum
424 995 460 1052 ad
484 1000 544 1054 tres
560 1012 655 1055 annos
677 998 853 1056 extendunt.
868 995 986 1058 Nullam
1010 1003 1130 1056 certam
1154 1012 1198 1055 re·

233 1075 335 1151 gulam
360 1075 417 1135 bac
440 1077 470 1133 in
492 1094 525 1136 re
548 1072 682 1151 unquam
700 1077 834 1138 Ecclesia
857 1079 974 1151 babuit,
999 1078 1050 1138 sed
1075 1078 1194 1137 diversa

233 1157 360 1217 diversis
381 1158 569 1234 temporibus
597 1160 724 1220 invainit
748 1163 954 1230 consuetudo,
985 1160 1092 1220 habita
1115 1177 1196 1234 prae·

233 1240 323 1317 cipue
342 1239 586 1317 progressionum
605 1243 738 1316 ipsorum
755 1239 1050 1303 Cateebumenorum
1068 1242 1197 1303 ratione.

231 1321 470 1396 Cateebumeni,
495 1326 530 1380 ut
550 1322 601 1396 qui
624 1323 662 1382 ad
685 1324 805 1400 plenam
828 1321 984 1384 Ecclesiae
1006 1323 1196 1384 communio-

231 1419 301 1462 nem
325 1403 456 1462 nondum
481 1402 681 1478 pertinebant,
707 1405 731 1462 si
754 1406 784 1463 in
807 1405 943 1481 graviora
966 1405 1120 1482 quaedam
1143 1403 1196 1463 cri·

230 1485 313 1544 mina
336 1484 448 1560 delapsi
464 1488 573 1551 essent,
592 1502 649 1544 non
666 1486 771 1546 iisdem
794 1488 907 1546 severis
932 1487 1139 1562 poenitentiae
1155 1488 1192 1546 le*

232 1567 320 1643 gibus
341 1565 557 1631 subdebantur,
575 1581 654 1641 quae
677 1565 830 1645 flagitiosis
852 1566 1002 1633 fidelibus,
1021 1573 1054 1628 ut
1077 1566 1195 1628 satista-

233 1653 339 1708 cerent
359 1645 571 1723 propeccatis,
589 1649 703 1724 imponi
727 1655 970 1710 consueverunt:
994 1650 1069 1709 binc
1086 1666 1193 1710 eorum

233 1747 331 1806 poena
353 1729 520 1805 plerunque
542 1734 609 1788 erat
630 1730 679 1789 vel
701 1732 739 1791 de
754 1749 815 1789 uno
838 1731 867 1788 in
885 1733 978 1792 alium
993 1729 1194 1792 Cateclrnme·

235 1815 322 1870 natus
344 1809 471 1885 gradum
495 1809 651 1887 relegatio,
674 1813 724 1872 vel
740 1813 884 1888 Baptismi
908 1813 1095 1890 prorogatio.
1115 1811 1194 1872 lnter

235 1909 270 1952 ea
286 1891 396 1968 quibus
411 1892 448 1950 ad
460 1891 648 1969 baptismum
665 1893 923 1970 praeparabantur
938 1892 1130 1955 Christianae
1141 1891 1196 1953 Re-

237 1974 355 2051 ligionis
370 1969 536 2054 Candidati,
560 1972 660 2033 locum
684 1975 826 2036 tenebant
844 1972 1010 2034 Scrutieio.
1027 1976 1196 2038 Sorutim'o·

234 2073 322 2133 rom·
343 2055 462 2114 nominc
498 2054 666 2115 vocabatur
693 2061 753 2118 tota
782 2057 827 2115 illa
862 2058 965 2126 actio,
990 2075 1070 2134 quae
1108 2057 1195 2117 certis

233 2137 490 2212 Quadragesimae
512 2137 619 2197 diebus
652 2155 743 2214 super
764 2135 997 2199 Catecbumenis
1022 2139 1193 2198 celebraba-

234 2225 296 2285 tur,
321 2223 444 2294 totaque
466 2218 584 2278 eratin
606 2220 771 2294 precibus,
798 2219 973 2279 exorcismis
986 2242 1002 2287 ,·
1020 2219 1192 2286 traditione,

233 2299 403 2359 redditione
424 2298 557 2377 Symboli
574 2301 780 2377 orationisque
794 2301 980 2360 Dominicae.
998 2301 1087 2361 Dicta
1103 2302 1204 2361 etiarn·

234 2380 355 2441 luerunt
369 2381 540 2446 Sororium,
558 2398 594 2439 eo
610 2383 700 2456 quod*
716 2388 780 2442 tum
802 2385 1011 2442 scrutarentur
1025 2382 1118 2442 corda
1135 2401 1193 2441 cre·

235 2461 369 2523 dentium
406 2468 439 2523 et
459 2462 662 2522 dubitantium
692 2482 709 2523 a
732 2463 965 2535 Sacerdotibus,
992 2470 1029 2524 ut
1049 2463 1193 2542 intellige-

236 2549 305 2603 rent
336 2543 404 2620 quis
425 2545 461 2601 ad
485 2544 671 2620 Baptismum
694 2543 756 2621 jam
794 2546 849 2604 rite
872 2545 1115 2612 admitteretur,
1130 2547 1193 2620 quis

236 2624 336 2684 adbuc
351 2624 534 2686 differretur.
550 2625 711 2686 &ructata
733 2628 762 2684 in
778 2623 910 2688 Ecclesia
926 2626 1060 2687 Romana
1077 2631 1189 2703 septem

237 2705 514 2784 inQuadragesima
536 2707 689 2768 celebrata
710 2707 814 2774 luisse,
832 2710 1022 2768 consentiunt
1043 2712 1201 2784 quotquot,

233 2788 271 2848 de
292 2788 407 2848 Ritibus
431 2788 574 2865 baptismi
597 2789 786 2866 seripserunt
807 2797 957 2850 auctores.
980 2788 1063 2850 luter
1079 2789 1189 2850 Scruti·

233 2870 288 2929 uio
309 2869 488 2948 Symbolum
504 2868 737 2930 Catecbumenis
761 2871 946 2930 tradebatur.
965 2869 1074 2930 Primis
1089 2869 1187 2929 Eeele

170 3004 173 3009 ,
234 2951 295 3012 siae
322 2951 506 3027 temporibus
536 2951 678 3011 traditum
708 2951 800 3011 luisse
826 2953 930 3012 electis
957 2951 1189 3012 Catechumeuis

234 3031 450 3109 Apostolorum
473 3029 653 3110 Symbolum
676 3033 784 3092 docent
804 3033 928 3093 eruditi.
953 3033 994 3092 At
1015 3041 1120 3110 postea
1141 3031 1187 3090 Ni·

235 3132 328 3174 caena
349 3112 433 3174 Fidei
456 3112 583 3174 formula
607 3131 659 3174 usa
681 3122 727 3174 est
741 3113 875 3174 Ecclesia
899 3115 935 3174 ad
954 3114 993 3174 vl
1017 3133 1110 3191 usque
1126 3131 1188 3174 sae-

237 3197 355 3256 culum.
369 3195 410 3256 At
424 3195 544 3256 tandem
561 3201 628 3274 post
642 3193 807 3255 Concilium
823 3193 1159 3272 Costantinopolitanum
1174 3193 1186 3252 1

236 3277 433 3336 novissimum
467 3277 559 3356 hujus
579 3276 706 3338 Consilii
732 3275 909 3354 Symbolum
939 3278 1096 3338 nonnullae
1124 3284 1183 3338 tum

238 3357 428 3425 Latinorum,
452 3365 517 3419 tum
533 3357 720 3420 Graecorum
742 3357 895 3419 Ecclesiae
917 3359 1130 3420 adhibuerunt.
1153 3357 1183 3417 ln

238 3437 381 3498 tradendo
396 3457 486 3514 porro
502 3440 646 3518 Symbolo
668 3439 717 3500 bic
732 3441 805 3500 ordo
821 3441 1008 3506 servabatur.
1021 3438 1183 3502 Praemisso

236 3519 323 3579 breti
346 3521 524 3596 proloquio,
550 3519 719 3600 Episcopus
744 3522 895 3600 integrum
915 3521 1092 3602 Symbolum
1113 3520 1183 3581 reci-

239 3599 332 3666 tabat,
358 3604 422 3660 tum
445 3601 517 3663 iliud
540 3608 595 3679 per
619 3608 720 3681 partes
745 3602 839 3666 insius
861 3606 1040 3684 exponebat.
1065 3605 1182 3666 Peracto
