2567 4042
632 206 859 278 marona·
945 284 954 300 ἱ

300 334 369 394 Vll.
393 336 504 396 Lotnm
532 337 662 395 cadaver
682 337 796 411 antiqui
818 336 910 395 variis
932 338 1091 412 unguentis
1106 343 1139 396 et
1153 355 1214 396 aro·

259 418 390 476 malibus
412 417 604 478 condiebant.
623 417 721 477 Maria
731 416 910 494 Magdalena
923 426 954 478 et
969 417 1064 478 Maria
1076 419 1175 479 iacobi
1189 419 1215 476 cl

260 497 382 559 Salome
402 506 548 560 emerunt
567 505 704 558 aromata
725 503 759 558 nt
780 503 927 576 ungerent
941 499 1056 560 Jcsnm.
1074 498 1217 575 Exemplo

263 580 364 656 itaque
387 579 458 642 lesu
495 580 608 642 Christi
641 586 807 658 coeperunt
839 579 958 641 Fideles
979 578 1217 641 Christianorum

258 679 387 738 corpora
410 662 481 724 cum
507 664 695 724 aromatibus
716 663 855 740 sepelire.
870 662 902 721 S.
917 660 1043 737 Enplius
1059 663 1216 727 Diaconos,

260 745 312 820 qni
335 745 391 804 sub
406 745 599 804 Diocletiano
615 751 646 804 et
660 743 845 806 Maximiano
859 743 991 804 Calanae
1006 746 1146 822 martyrii
1163 744 1219 820 pal-

261 843 347 885 mam
370 827 561 902 promeruit,
578 828 726 885 subtetum
746 827 861 904 Corpus
875 845 895 884 n
915 826 1098 888 Christianis
1113 837 1140 886 ct
1158 845 1218 884 can-

261 906 363 966 ditum
387 910 569 968 aromatibus
602 907 754 984 sepullum
788 909 910 967 tradunt
942 905 1007 984 ejus
1043 909 1121 966 Acta
1143 905 1216 982 apud

260 986 469 1050 Ruinartium.
497 989 628 1049 Narrant
659 1005 779 1064 utroque
808 989 884 1049 Acta
906 987 937 1048 S.
962 989 1075 1049 Callisti
1098 987 1214 1064 Papae,

259 1071 341 1146 quod
366 1073 426 1149 ipse
448 1071 547 1131 Sancti
569 1069 722 1147 Calepodii
744 1087 853 1146 corpus
883 1089 948 1129 cum
981 1069 1093 1147 prandio
1115 1073 1217 1130 lintea·

255 1153 386 1212 minibus
407 1155 555 1217 incoluit,
581 1151 763 1212 aromatibus
780 1150 919 1216 condivit,
936 1161 964 1211 et
979 1151 1140 1231 honorifice
1155 1169 1215 1210 cun

255 1234 373 1314 hymnis
395 1244 422 1292 et
442 1234 580 1294 laudibus
602 1233 732 1310 sepelivit
748 1233 781 1290 in
799 1233 979 1295 coemeterio
1000 1233 1144 1313 ejusdem.
1162 1231 1215 1292 Ne·

256 1331 315 1391 que
337 1334 410 1376 vero
433 1317 504 1375 solis
526 1315 736 1393 Martyrium,
760 1314 812 1372 sed
841 1314 905 1372 aliis
938 1332 1058 1390 qrroqne
1081 1313 1215 1374 fidelibus

253 1398 316 1456 boc
340 1397 464 1457 honoris
485 1398 663 1472 obsequium
680 1396 893 1472 praestabant,
912 1386 997 1455 cuius
1013 1399 1056 1455 rei
1074 1395 1161 1456 testis
1174 1400 1215 1456 est

257 1479 462 1539 Tertullianus
477 1481 528 1556 qui
544 1479 633 1537 Libro
655 1477 700 1535 De
713 1475 945 1536 Resurrectione
961 1478 1060 1536 cernis
1077 1477 1156 1536 haee
1171 1479 1216 1538 ha·

257 1562 320 1622 bet:
340 1559 474 1620 Proinde
491 1563 568 1620 enim
592 1571 618 1618 et
641 1577 765 1638 corpora
786 1557 936 1618 medicata
959 1558 1159 1620 condimentis
1178 1577 1216 1619 se·

255 1645 398 1718 pellenae
413 1644 573 1702 mausoleis
589 1651 615 1700 et
630 1641 833 1698 monumentis
847 1649 1080 1716 sequestrantur.
1100 1640 1147 1700 tte
1163 1641 1214 1699 hoc

256 1725 316 1783 ritu
333 1723 497 1799 loquuntur
512 1725 652 1786 Clemens
668 1721 900 1789 Alexandrinus
915 1720 1047 1798 Paedap.
1061 1720 1131 1781 Lib.
1146 1719 1211 1788 vit

255 1805 459 1872 Prudentius,
483 1806 512 1862 in
534 1802 653 1884 Hymnn
674 1802 714 1862 ad
741 1803 884 1878 eaequias
913 1803 1162 1880 Defenderam:
1184 1803 1210 1862 S.

254 1886 463 1962 Augustinus,
488 1888 632 1947 Sermone
659 1884 717 1942 177
739 1900 834 1944 norae
848 1911 849 1914 ¹
864 1883 1000 1943 editionis
1023 1904 1052 1944 n.
1069 1885 1100 1942 7.
1128 1883 1214 1962 Ejus·

254 1969 324 2027 dem
347 1969 571 2029 consuetudinis
593 1967 731 2026 meminit
752 1965 843 2024 etiam
868 1963 957 2025 Liber
978 1963 1163 2026 Pontiticalis
1187 1967 1212 2023 in

255 2051 326 2110 Vita
349 2049 424 2110 sixti
447 2049 502 2111 ΙΙΙ.
525 2050 647 2110 Possem
669 2048 717 2106 bis
740 2044 904 2124 adjungere
931 2045 1112 2124 Gregorium
1138 2045 1211 2124 Nps·

253 2150 361 2192 senum
384 2129 527 2191 Oratione
550 2133 579 2191 in
603 2131 709 2191 funere
732 2128 867 2196 Meletii,
890 2135 922 2190 et
943 2129 1125 2206 Gregorium
1157 2127 1212 2186 Na·
1261 2205 1262 2210 η

254 2216 430 2274 zianzenum
453 2212 588 2290 Epistola
613 2211 664 2272 18.
688 2209 793 2286 Neque
819 2229 892 2271 roro
919 2210 1155 2270 existimandum
1170 2215 1211 2269 est

252 2296 359 2370 primis
370 2366 373 2370 ¹
386 2300 501 2354 tantum
517 2293 672 2354 Ecclesiae
688 2293 813 2353 sacculis
829 2294 909 2353 bunc
924 2293 1018 2350 ritum
1034 2291 1208 2358 obtinuisse
1261 2323 1262 2330 ξ

252 2395 321 2436 nam
346 2382 377 2435 et
399 2377 485 2454 longe
508 2376 697 2452 sequioribus
720 2381 824 2450 postea
852 2375 989 2433 obtinuit.
1013 2371 1053 2432 Et
1082 2391 1117 2432 re
1141 2390 1211 2433 vera
1261 2417 1264 2462 p

252 2456 283 2515 S.
311 2457 448 2517 Anselmi
470 2458 693 2518 cantuariensis
715 2456 942 2532 Arcbiepiscopi
965 2453 1057 2515 iacies
1081 2455 1211 2514 balsamo
1263 2467 1264 2528 t

250 2545 398 2613 peruncta
420 2541 530 2614 legitur
553 2540 632 2616 apud
653 2537 838 2599 Eadmerum
854 2537 921 2596 Lib.
940 2536 968 2597 tl
984 2557 1014 2596 n.
1030 2533 1071 2596 ti
1087 2542 1117 2596 et
1133 2537 1209 2613 apud

252 2620 428 2681 Bollandum
450 2621 548 2698 April.
572 2619 624 2679 Ὦ.
1263 2627 1264 2654 ³

291 2700 375 2762 vttt.
399 2703 566 2763 Veniamus
588 2720 666 2764 nnnc
688 2701 725 2760 ad
746 2705 847 2760 restes
869 2700 977 2776 quibus
999 2700 1120 2776 conlegi
1147 2715 1206 2758 cor·
1263 2717 1264 2774 t

248 2799 327 2857 pora
349 2783 569 2844 Defunctorum
591 2787 824 2844 consueverunt.
843 2780 951 2844 Vestes
966 2788 1067 2841 autem
1084 2781 1207 2841 cuilibet
1263 2781 1264 2816 ³

250 2869 373 2926 mortuo
395 2870 480 2926 erant
502 2867 651 2944 propriae.
675 2863 867 2940 Quapropter
881 2861 1022 2940 Episcopi
1044 2881 1116 2922 cum
1133 2862 1204 2922 Pon·

251 2945 410 3008 tilicalibns
442 2948 580 3008 omnibns
611 2945 776 3024 insignibus
808 2945 1039 3022 sepeliebantur.
1072 2943 1150 3004 Sanc
1178 2943 1206 3001 id

248 3031 343 3088 moris
359 3029 449 3090 inisse
465 3030 670 3089 Romanorum
685 3024 863 3088 Pontificum
878 3027 983 3087 asserit
995 3023 1067 3084 Vita
1083 3024 1206 3086 Adriani

249 3109 347 3186 Papae
369 3109 383 3170 Ι
405 3110 452 3170 bis
474 3111 594 3170 verbis:
620 3110 739 3189 Sepullo
761 3108 862 3186 itaque
879 3107 1001 3169 Summo
1025 3105 1167 3186 Pontifire
1181 3115 1207 3186 et

249 3193 416 3253 uniuersali
443 3190 526 3270 Papa
546 3191 708 3258 Adriano,
732 3190 897 3269 apostolicis
922 3189 1029 3268 insulis
1058 3188 1202 3248 incolatu.

250 3271 290 3332 Ut
311 3272 452 3350 Episcopi
468 3272 709 3351 pontificalibus,
727 3272 775 3330 'ita
796 3269 969 3349 Presbyteri
984 3271 1083 3347 alique
1097 3267 1202 3329 Clerici

250 3356 390 3431 congruis
412 3354 475 3416 suis
496 3354 658 3416 Ordinibus
680 3355 863 3416 ornamentis
898 3353 992 3412 induti
1020 3351 1203 3430 sepelieban-

252 3442 314 3493 tur.
337 3433 576 3505 Rationalem,
610 3455 666 3496 cur
688 3435 863 3514 hujusmodi
886 3435 1075 3496 vestimentis
1105 3433 1202 3494 Sacer·

249 3514 335 3574 dotes
368 3523 398 3576 et
418 3515 526 3578 Clerici
548 3518 731 3586 induantur,
755 3525 800 3578 est
821 3517 890 3594 qnia
912 3521 1011 3577 vestes
1026 3522 1091 3576 tum
1107 3529 1200 3576 sacer·

246 3596 387 3667 doulos,
412 3603 476 3658 tum
498 3600 674 3669 clericales,
697 3599 828 3661 virtutes
849 3598 1016 3676 significant
1048 3613 1120 3657 cum
1143 3593 1200 3672 qui·
