2567 4042
482 197 544 261 ω
562 184 605 248 23
625 194 686 257 ffl-

94 317 158 376 tuta
179 319 229 375 est
248 312 483 377 Sacraliituum
505 316 702 395 congregatio
732 331 803 375 cum
836 318 982 390 potestate
1003 330 1053 375 ors

95 395 207 459 linaria
230 396 261 457 ia
282 401 380 459 tetum
401 396 505 459 orbam
526 400 563 459 ad
583 396 728 459 solvenda
748 390 865 464 dubia,
893 400 924 455 at
952 396 1053 459 tollar·

91 478 145 539 alas
165 477 302 549 abusus,
320 484 411 557 atque
424 479 462 540 ad
476 480 637 543 sancienda
650 480 750 541 amnia
772 494 850 553 quac
865 476 922 538 sibi
936 479 972 538 ad
988 496 1055 541 ram

94 558 281 637 liturgicum
297 566 470 639 ,opportuna
490 563 678 625 viderentur.
695 559 776 621 Hinc
798 576 888 639 pcrrc
914 559 990 621 illud
1010 578 1056 623 sar
1155 598 1159 609 ·

94 642 222 719 quitur,
245 639 313 718 ejus
334 642 446 721 primas
467 661 684 722 supremasque
707 644 738 703 iu
759 660 792 703 ra
814 640 967 717 Liturgica
988 656 1055 703 cass

94 730 200 804 partes.
215 724 354 795 debere,
377 725 427 787 cui
447 724 532 789 Fidei
553 726 724 805 depositum
752 722 931 801 cumprimis
954 740 971 783 a
992 722 1055 783 ilal-

90 811 199 869 valore
212 806 429 871 ,concreditum
449 808 553 872 luerit.
577 808 704 870 cainam
725 812 827 869 autern
849 802 919 865 fidei
941 804 1056 884 deposi-

93 893 159 953 tum
182 905 201 949 a
221 886 341 950 Christo
373 890 532 968 praecipue
559 889 804 951 commendatum
836 887 975 957 dicatur,
999 885 1057 947 uisi

91 967 194 1037 Petro,
211 986 305 1048 super
324 986 428 1047 quem,
445 971 539 1034 veluti
560 971 772 1033 firmissimam.
786 976 914 1048 petram,
939 969 989 1034 ille
1004 966 1060 1029 Ee·
1092 1002 1099 1013 ·

93 1052 222 1117 clesiam
243 1070 330 1115 suam
351 1070 368 1111 a
389 1049 423 1115 s'a
442 1053 660 1116 aedificandam
676 1055 836 1133 promisit,
857 1057 891 1113 et
911 1052 963 1127 qai
976 1068 1056 1112 com

93 1132 218 1195 firmare
239 1133 349 1198 iratres
369 1152 438 1197 suos
458 1155 477 1196 a
498 1135 627 1197 Domina
640 1134 742 1213 jussus
764 1136 846 1199 iuit‘t
867 1130 973 1194 linitas
986 1148 1057 1212 quc·

93 1233 155 1294 quc
176 1214 352 1294 discipliane
366 1219 465 1293 quoad
486 1218 560 1281 ilari.
575 1223 695 1298 petest,
718 1218 825 1279 saltem
847 1216 878 1277 in
899 1215 935 1275 iis
949 1254 957 1285 ‚
969 1230 1059 1293 ‚quac

95 1297 259 1375 adipsum
281 1303 418 1376 spectant
447 1300 561 1379 publici
581 1302 714 1368 cultus.
738 1314 773 1361 ac
794 1297 1057 1359 Sacramentorum

93 1380 323 1455 substantiam.
344 1382 522 1459 praesertim
552 1400 650 1459 quara
681 1398 716 1442 ea
748 1380 786 1441 ad
819 1380 964 1441 uaiutcm
985 1376 1057 1441 fidei

95 1462 232 1527 maxime
253 1462 411 1532 conserat,
433 1483 452 1525 a
472 1481 605 1541 quonam
626 1464 758 1525 curanda
779 1463 839 1531 sit,
862 1459 918 1522 nisi
949 1461 989 1521 ab
1008 1478 1058 1531 so,

96 1546 151 1623 qai
170 1550 314 1607 centrum
335 1541 462 1608 Unitatis
482 1563 501 1607 a
522 1544 643 1609 Christo
664 1546 845 1607 constitutus
866 1542 976 1605 luariti
998 1540 1057 1604 llic

92 1632 201 1691 autem
223 1626 378 1691 aliusnon
393 1634 448 1698 est,
465 1628 523 1689 nisi
538 1624 618 1688 Petri
631 1643 799 1695 smcessor,
814 1625 969 1691 Romanus
982 1624 1059 1687 Pan·

96 1710 185 1771 tiles.

437 1898 442 1907 ·
474 1868 605 1935 usius
625 1870 682 1933 vl.

384 2052 429 2099 uli
449 2050 553 2098 imis
572 2051 764 2097 utrumuis.

139 2196 167 2263 i.
189 2196 356 2262 Ordiamur
375 2197 415 2261 ab
428 2216 478 2265 cc.
495 2215 588 2275 quera
610 2214 730 2259 summa
745 2195 785 2278 (1)
801 2194 1063 2257 reversatialasu

97 2277 211 2347 Christi
226 2278 404 2342 Sacerdotes
417 2288 450 2341 at
463 2278 568 2343 fideles
589 2280 772 2346 habuerunt.
791 2295 897 2356 nempe
911 2276 949 2337 ab
959 2276 1059 2339 Eran-

97 2363 248 2440 gelicrum
259 2361 382 2427 Codice.
395 2360 511 2425 Eadem
526 2360 586 2423 luit
598 2363 693 2423 sacris
707 2358 790 2421 libris
804 2359 965 2437 Liturgicis
974 2377 1061 2421 reae·

101 2446 206 2514 rectia,
219 2460 297 2519 quae
308 2444 387 2503 vasis
400 2444 597 2524 admysteria
608 2443 708 2505 divina
724 2441 892 2520 peragenda
901 2440 1060 2505 dedicatis.

97 2524 196 2590 'lauta
218 2526 341 2603 insuper
361 2525 418 2587 luit
439 2526 595 2589 veneratio
615 2526 848 2587 christianorum
869 2540 943 2602 erga
964 2521 1059 2584 Evau-

99 2608 226 2685 aeuum,
251 2612 285 2667 ut
304 2606 380 2670 illud
402 2609 504 2672 aurcis
526 2607 634 2669 litteris
648 2605 907 2673 conscribendum,
924 2621 959 2665 ac
974 2622 1059 2684 praee

102 2688 270 2756 tiasissimis
284 2691 465 2765 tegumentis
478 2690 685 2751 exornandum
709 2705 801 2766 quam
822 2688 954 2749 maxime
977 2703 1059 2749 cura·

102 2780 177 2836 reat.
201 2769 312 2832 Narrat
326 2768 501 2833 Anastasius
515 2810 524 2841 ‚
538 2769 692 2833 lustinum
708 2769 937 2848 Imperatorem,
952 2767 1064 2830 Sancto

100 2851 282 2919 Hormisdae
305 2848 441 2915 Romana
454 2850 602 2920 Pontifici,
619 2851 747 2913 Romam
765 2850 882 2913 misisse
898 2854 993 2915 multa
1007 2868 1061 2911 aa·

102 2953 151 2999 rea
171 2940 206 2997 et
225 2938 367 3010 argentea
388 2937 489 3004 donn
516 2931 680 3013 Evangelia
702 2950 773 2995 cum
802 2933 911 2995 tabulis
933 2934 1058 3001 aureis,

101 3023 132 3077 et
149 3034 225 3082 cnm
247 3017 376 3093 gemmis
396 3016 534 3095 pretiosis
554 3018 711 3094 pensantia
733 3016 824 3077 libras
845 3014 917 3076 KV.
935 3013 1059 3075 Garoias

102 3096 230 3177 stagnus
256 3115 328 3161 cum
359 3098 389 3159 ia
409 3098 627 3177 imperaturam
657 3117 674 3159 a
702 3097 804 3160 leona
824 3094 869 3157 lll
897 3098 1061 3173 inaugura„-

102 3186 150 3244 tus
169 3185 276 3251 essct,
300 3179 378 3241 ister
396 3187 497 3243 cetera
525 3196 610 3253 asera
628 3180 709 3242 aaa
736 3196 817 3257 quac
837 3178 981 3240 Basilicas
1003 3174 1062 3237 La·-

102 3263 254 3329 ennam
272 3260 471 3332 escalittas
490 3258 690 3339 Eaaageiium
712 3263 803 3323 ctiam
818 3278 857 3321 ex
879 3278 952 3323 suro
971 3276 1061 3321 muas·

104 3343 229 3410 dissime
259 3360 333 3408 cum
358 3344 488 3422 gemmis
513 3348 677 3416 erratum,
700 3344 746 3405 uti
772 3348 888 3404 constat
916 3358 954 3403 cx
976 3338 1057 3403 aaa

115 3544 118 3551 Ι
137 3479 174 3543 ii)
190 3478 297 3545 Georgi,
318 3477 356 3530 Da
373 3455 498 3546 Litarpia
515 3478 631 3530 Romani
645 3474 783 3546 Pantificis
796 3480 894 3531 Tamus
905 3478 940 3531 Il.
954 3476 1060 3529 Disser-

104 3549 173 3669 ξπ
184 3550 324 3669 ῗήΰερηῑ
342 3547 469 3612 Primum,
489 3546 801 3647 artissimcartissime
820 3544 937 3645 litteralis
955 3546 1062 3661 Disreaj
