2567 4042
618 207 679 268 w
703 198 760 258 lot
781 208 842 268 t«-

251 323 332 384 modi
348 325 393 382 ¹ad
416 324 636 401 impetrandam
660 298 791 402 pluviam
816 323 1096 404 supplicationibus.
1124 325 1200 388 Unda

252 404 283 465 S.
307 404 494 483 Augustinus
516 406 547 465 in
567 405 713 468 Sermone
736 406 829 468 xxu
852 409 889 469 de
910 408 1058 484 Tempore
1090 409 1134 470 sic
1160 410 1199 468 in
1262 437 1264 478 J

251 488 339 564 quit:
367 484 472 547 Oratio
489 489 565 568 justi
587 490 680 550 clauis
702 501 742 551 cst
766 489 860 552 Cocli.
884 487 1023 552 Ascendit
1037 490 1078 549 ed
1092 491 1199 551 coelom
1262 489 1264 556 j

248 569 407 644 precatio,
431 578 458 628 ct
481 569 632 630 deseendit
663 572 826 633 miseratio.
851 571 939 645 Quod
971 573 994 632 si
1028 591 1085 633 non
1107 573 1199 632 statim

250 648 346 711 licant
368 657 491 726 aquae,
515 671 713 729 perseverare
736 659 855 730 oportet
882 653 911 713 in
933 655 1094 726 oratione;
1118 672 1201 732 saepe
1262 693 1264 728 p

251 733 330 792 enim
360 733 428 792 vult
449 732 530 794 Deus
557 736 687 813 experiri
721 754 806 815 spem
837 743 968 796 nostram
1001 739 1029 794 in
1052 733 1153 803 Eum,
1175 744 1200 797 ot
1262 737 1263 774 3

250 821 484 891 perseverantes
506 818 662 876 exaudire.
686 817 773 890 Quod
796 817 934 897 ejusdem
956 815 1040 876 Elias
1068 818 1202 895 exemplo

250 897 486 972 comprobatur,
511 900 622 976 septies
644 900 723 958 enim
746 899 794 960 ille
810 901 907 960 oravit
929 900 966 959 ad
989 900 1200 977 impetrandam

252 977 407 1055 pluviam,
426 987 463 1038 et
482 982 593 1057 septies
616 981 697 1040 misit
711 997 840 1058 puerum
863 981 901 1040 ad
923 981 1108 1052 videndum,
1133 999 1198 1042 oum

251 1059 369 1119 caelum
393 1061 521 1120 nubibus
536 1063 752 1140 obtegeretur,
776 1081 905 1138 cumque
928 1081 1003 1140 puer
1025 1064 1100 1124 nihil
1118 1081 1150 1124 se
1164 1065 1202 1123 ri·

251 1142 323 1201 dere
344 1144 481 1213 diceret,
505 1141 587 1221 Elias
608 1144 775 1205 ferventius
804 1146 931 1214 orabat,
954 1145 1048 1206 donec
1079 1146 1201 1223 septima

249 1223 318 1283 rice
340 1225 401 1284 voti
424 1242 546 1303 compos
569 1227 695 1291 allectus
714 1234 782 1297 est,
808 1228 852 1287 uti
874 1228 975 1303 legere
997 1233 1043 1288 est
1064 1225 1133 1286 Lib.
1162 1226 1201 1286 lll

252 1307 392 1380 Regum,
415 1305 489 1385 Cap.
513 1305 617 1367 xvlu
639 1309 670 1366 in
690 1305 760 1369 fine.

294 1384 334 1447 ll.
356 1387 458 1460 Quum
492 1389 567 1450 baec
593 1388 744 1450 Processio
767 1388 804 1450 ad
826 1390 1044 1466 impetrandam
1074 1391 1202 1467 pluviam

253 1470 474 1546 poenitentialis
496 1473 551 1539 sit,
575 1472 638 1550 jam
661 1469 728 1530 fieri
745 1472 865 1532 omnino
887 1471 976 1530 debet
999 1474 1027 1531 in
1050 1489 1203 1549 paramen-

253 1553 292 1610 tis
309 1553 461 1614 violaceis.
479 1552 554 1613 Cum
578 1553 712 1614 Litaniae
735 1553 868 1634 majores
889 1570 943 1631 pro
964 1554 1084 1632 publica
1109 1554 1204 1631 poeai-

252 1635 345 1694 tentia
367 1635 520 1695 institutae
553 1636 687 1706 luerint,
713 1635 782 1695 hinc
804 1636 840 1694 ad
862 1653 966 1695 omnes
993 1641 1077 1696 actus
1110 1636 1204 1712 poeni·
1263 1707 1264 1710 Ἴ

255 1717 392 1776 tentiales
414 1717 481 1775 illas
503 1719 650 1777 inservire
682 1717 815 1779 decrerit
837 1715 982 1777 Ecclesia.
1006 1715 1202 1794 Deprecatio:

257 1793 296 1856 Ut
315 1807 523 1875 conprocotem
541 1801 695 1879 pluriam,
720 1805 777 1858 etc.
801 1798 980 1876 duplicatur,
1004 1799 1074 1874 quia
1101 1801 1132 1858 in
1154 1799 1203 1858 bac

253 1875 448 1938 Processione
470 1881 506 1942 de
530 1881 586 1941 bac
614 1899 650 1940 re
674 1881 843 1959 specialiter
858 1883 978 1958 agitur,
1002 1886 1031 1940 et
1047 1887 1203 1958 propterea
1263 1923 1264 1928 η

253 1958 335 2019 illam
358 1958 461 2021 fideles
482 1965 644 2041 praecipue
668 1969 814 2044 poscunt:
838 1964 876 2024 ita
892 1963 1003 2039 pariter
1026 1962 1055 2020 in
1071 1965 1140 2023 aliis
1156 1980 1204 2040 pu·

252 2041 338 2102 blicis
369 2046 595 2107 necessitatibus
616 2044 662 2105 fit.
685 2044 849 2123 Completis
872 2044 1011 2123 precibus
1043 2050 1112 2120 post
1131 2043 1205 2102 Lita-

253 2124 316 2184 nias
338 2123 470 2202 Majores
499 2135 531 2188 et
551 2128 689 2187 omnibus
712 2127 843 2186 recitatis
865 2125 1075 2190 orationibus,
1112 2131 1206 2185 canu-

252 2213 303 2266 tur
325 2209 459 2282 psalmus
484 2207 542 2269 llo
565 2211 615 2287 qui
636 2209 721 2287 juxta
736 2209 951 2274 bellarminum
974 2211 1019 2267 est
1039 2207 1205 2268 exhortatio

252 2287 289 2345 ad
313 2288 494 2349 laudandum
517 2291 615 2351 Deum
631 2289 752 2368 ob-ejus
767 2288 1015 2359 beneficentiam,
1040 2288 1077 2349 de
1100 2285 1205 2364 qualit

208 2437 218 2456 ⁸
252 2372 366 2429 mentio
398 2372 428 2429 in
452 2373 622 2442 versicul03
651 2370 712 2446 Qui
744 2373 837 2451 operit
870 2372 985 2431 coelum
1014 2371 1160 2439 nubibus,
1182 2380 1205 2430 ct
1262 2421 1263 2424 ,

248 2450 349 2530 parat
365 2462 465 2512 terrac
483 2453 622 2533 plocium
644 2454 680 2513 ad
704 2453 782 2512 banc
806 2453 1013 2514 necessitatem
1041 2468 1206 2511 accommo-

226 2583 229 2586 ,
254 2533 335 2592 dato.
360 2531 532 2595 Romanum
554 2536 745 2609 sacerdotale
769 2537 910 2602 mandat,
928 2541 963 2596 ut
978 2533 1100 2593 dicotur
1114 2530 1205 2594 Misso

254 2612 294 2671 od
312 2616 448 2693 plocium
465 2618 701 2696 postulandum,
731 2627 766 2675 ot
788 2617 911 2678 liabetur
935 2616 970 2675 r'n
991 2613 1109 2677 Missoli
1136 2615 1206 2676 anti·

254 2713 315 2770 quo
337 2698 473 2768 scilicet,
497 2717 567 2760 narn
590 2703 620 2760 in
642 2699 755 2775 Missali
777 2703 914 2758 correcto
934 2695 1021 2774 jussu
1043 2694 1087 2754 Pii
1110 2693 1205 2774 Papae
1261 2741 1262 2748 .

254 2775 283 2835 V
305 2776 492 2840 desideratur
513 2780 686 2859 hujusmodi
702 2780 814 2850 Missa,
839 2780 889 2842 sed
913 2784 1014 2840 extant
1029 2783 1132 2839 tamen
1147 2784 1206 2837 tres

253 2860 404 2922 orationes
425 2861 462 2920 ad
480 2863 616 2939 pluriam
634 2861 807 2941 petendam,
823 2862 963 2922 dicendae
978 2863 1008 2920 in
1023 2859 1123 2920 Missis
1139 2876 1204 2920 cur·

253 2942 414 3009 rentibus.
445 2944 496 3003 ubi
518 2945 631 3006 scilicet
654 2944 793 3020 proprius
814 2941 980 3021 Episcopus
1010 2942 1048 3002 ab
1070 2941 1204 3017 agricolis
1261 2983 1262 3035 p

253 3031 376 3101 rogatus
397 3024 425 3085 id
447 3023 634 3102 jusserit'Ut
650 3025 759 3102 aliquid
781 3027 904 3088 demum
926 3025 963 3084 de
985 3025 1045 3088 ritu
1067 3021 1203 3084 Orienta-

254 3105 292 3164 lis
314 3103 466 3168 Ecclesiae
488 3107 642 3178 dicamus,
667 3107 752 3186 longe
776 3109 952 3186 prolixiores
979 3113 1049 3168 suot
1075 3121 1202 3182 preces.

253 3205 328 3262 quas
349 3189 413 3266 ipsa
436 3189 567 3252 adhibet.
1260 3235 1261 3240 η

293 3266 347 3329 lll.
370 3270 635 3343 Quemadmodum
658 3289 807 3349 congruae
830 3269 949 3348 pluviae
963 3269 1074 3330 donum
1089 3268 1203 3330 univer·

254 3366 319 3408 sam
341 3359 454 3412 terram
477 3355 587 3416 laetitia
609 3354 735 3430 implet,
760 3354 800 3414 ita
823 3353 995 3426 incessantis
1018 3346 1203 3427 pluviae-lle·

254 3430 367 3507 geilum
399 3436 559 3496 obumbrat
580 3437 728 3506 horrore3
752 3442 783 3496 et
804 3438 959 3512 propterea
983 3433 1059 3494 sicut
1089 3430 1125 3492 ad
1150 3432 1202 3490 im·

253 3514 431 3587 patrandam
455 3519 585 3594 pluriam
600 3518 729 3578 habetur
744 3517 780 3576 ad
796 3515 893 3580 Deum
915 3531 1073 3584 recursus,
1090 3515 1121 3574 et
1136 3530 1203 3604 sup

253 3592 396 3669 plicati03
421 3599 461 3658 ita
483 3597 519 3658 ad
541 3617 607 3662 eam
621 3598 901 3677 compescendam,
926 3597 962 3660 ad
984 3596 1135 3668 eumdem,
1153 3611 1200 3672 qur
