2567 4042
587 170 810 244 willim-

217 296 369 361 Clericum
388 314 531 360 exercere
551 305 634 362 relat
654 303 794 364 universa
816 301 1016 364 ecclesiastica
1040 301 1160 371 cilicia,

216 396 296 456 quae
317 379 367 440 vel
393 379 432 439 ab
452 379 582 452 ordine,
609 385 658 444 rel
679 403 697 444 a
716 382 924 462 jurisdictione
946 383 1084 462 pendent.
1107 384 1167 448 Su·

216 463 335 540 sponsio
357 478 374 522 a
390 459 534 523 beneficio
548 462 700 528 Clericum
722 467 886 528 excludita
901 466 1098 544 percipiendis
1111 466 1167 528 be-

217 541 318 606 neficii
339 541 496 605 fructibus.
518 544 678 624 suspensio
699 567 717 608 a
739 547 884 612 beneficio
906 548 994 610 simul
1017 555 1047 610 et
1067 547 1165 610 officio

216 625 301 695 lacit,
322 631 357 687 ut
376 621 510 688 Clericus
531 625 668 690 beneficii
690 629 838 693 lructibus
859 647 963 690 carere
983 630 1110 701 debeat,
1132 636 1167 692 et

216 710 306 771 simul
326 707 528 770 ecclesiastica
551 727 678 772 munera
699 729 840 774 exercere
861 711 1070 790 prohibeatur.
1160 759 1163 764 .

256 788 297 851 ll.
321 790 406 852 Adeo
428 790 568 852 indecens
584 811 705 871 semper
733 800 764 854 et
784 794 962 874 probrosum
984 795 1080 855 visum
1100 798 1164 862 est,

215 873 307 935 sacris
330 870 426 932 addici
449 874 622 936 ministeriis
642 875 795 938 hominem
822 893 877 936 nou
900 876 1032 954 integrae
1052 875 1165 941 lamae,

216 960 261 1026 ut,
279 953 329 1030 qni
350 969 443 1030 grave
464 956 562 1016 scelus
585 957 717 1028 admisit,
735 957 764 1017 in
781 963 950 1020 ceterorum
972 957 1105 1020 fidelium
1119 955 1163 1024 oi-

214 1034 383 1097 lensionem
406 1036 582 1107 incurrens,
603 1040 633 1099 si
654 1037 747 1100 laicus
769 1040 875 1101 adhuc.
891 1040 950 1110 sit,
970 1039 1055 1119 juxta
1077 1043 1164 1099 retu·

218 1117 366 1178 stissimas
395 1124 426 1180 et
440 1119 639 1181 sanctissimas
654 1118 808 1186 Ecclesiae
831 1123 922 1200 leges,
940 1123 1166 1200 inperpetuum

218 1199 319 1260 arceri
338 1198 449 1262 debeat
469 1217 487 1261 a
508 1203 602 1265 sacris
623 1204 819 1280 suscipiendis
835 1202 1022 1275 ·Ordinilrus;
1046 1204 1071 1264 si
1091 1218 1166 1262 vero

217 1279 280 1359 iam
296 1279 388 1344 luerit
408 1283 487 1344 inter
502 1279 634 1346 Clericos
650 1291 818 1361 cooptatus,
834 1287 873 1348 sit
888 1304 905 1347 e
919 1285 1056 1347 clericali
1070 1283 1167 1362 gradu

220 1361 416 1441 dejiciendus.
440 1362 577 1426 Primum
605 1385 643 1426 ex
665 1365 809 1443 Apostolo
835 1366 927 1430 Paulo
953 1368 1044 1429 tradit
1063 1366 1169 1443 llngu·

220 1446 315 1507 stinus
340 1442 440 1508 Troct.
458 1443 496 1506 ll
520 1446 550 1507 in
571 1445 716 1510 loannem
738 1468 769 1510 n.
788 1448 826 1510 10
853 1445 932 1509 Tom.
947 1449 973 1507 ὅ
989 1447 1065 1530 Opp.
1076 1454 1162 1530 port.

220 1525 318 1588 eost.
342 1525 419 1589 575.
442 1526 583 1593 Alterum
611 1531 819 1608 praescribunt
848 1531 998 1592 innumeri
1026 1545 1166 1592 canones.

218 1608 410 1686 Quamquam
437 1625 527 1688 porro
554 1612 720 1688 insequenti
753 1618 851 1676 aetate
879 1611 1013 1674 nonnihil
1041 1612 1167 1674 remissa

218 1690 313 1751 luerit
334 1693 474 1768 andquae
495 1690 668 1772 disciplinae
689 1694 921 1762 severianum
941 1697 1042 1758 tamen
1064 1692 1169 1756 exole-

218 1770 265 1834 ιιι
284 1773 505 1852 degradationis
526 1792 643 1852 poena;
668 1776 720 1837 sed
736 1775 899 1840 etiamnum
913 1777 1004 1855 riget,
1026 1781 1058 1838 et
1070 1775 1169 1838 iertar

219 1852 251 1913 in
271 1853 405 1918 Clericos
425 1860 479 1917 aut
499 1855 658 1935 cujusdam
680 1859 835 1919 atrocioris
856 1859 990 1920 criminis
1011 1875 1091 1923 reos,
1111 1859 1169 1916 aut

218 1935 465 2000 inemendabiles.
488 1933 576 2000 liano
596 1956 727 2018 poenam
741 1937 886 2020 Theologi
905 1938 1036 2001 Monalos
1057 1943 1088 1999 et
1112 1934 1170 1998 Ca-

219 2019 355 2081 nonnus
383 2037 473 2099 saepe
499 2021 688 2084 contundunt
714 2039 783 2084 cum
811 2021 939 2101 simplici
969 2021 1167 2100 depositione.

219 2097 399 2164 Differentia
418 2119 494 2164 rero
515 2103 594 2163 inter
614 2103 781 2182 simplicem
803 2103 1040 2182 depositionem,
1065 2109 1097 2164 et
1115 2101 1173 2162 de·

220 2184 435 2260 gradationem,
459 2184 488 2243 in
510 2183 570 2244 hoc
591 2186 647 2246 sita
669 2193 725 2254 est,
742 2190 776 2246 ιιι
789 2185 904 2248 scilicet
925 2203 979 2262 per
1000 2185 1169 2263 simplicem

220 2265 433 2344 depositionem
448 2262 581 2328 Clericus
601 2274 749 2345 perpetuo
762 2267 890 2347 ¹quidem
906 2273 1100 2328 removeatur
1113 2270 1170 2326 aut

221 2349 385 2424 asuscepti
406 2345 529 2408 Ordinis
549 2349 706 2420 exercitio,
719 2351 770 2410 aut
790 2348 828 2408 ab
842 2346 948 2409 Officio
969 2353 1001 2412 et
1021 2346 1170 2408 Ecclesia·

220 2429 311 2490 eticae
331 2426 546 2505 jurisdictionis
566 2450 646 2502 usu,
669 2436 722 2492 aut
742 2447 759 2491 a
782 2427 943 2500 beneficio,
965 2436 1018 2492 aut
1038 2430 1171 2506 denique

220 2508 259 2570 ab
272 2509 386 2572 Ordine
408 2512 522 2582 simul,
544 2513 640 2574 officio
660 2517 692 2574 et
706 2511 877 2594 henefioior
900 2529 958 2572 non
981 2519 1080 2573 tamen
1100 2527 1170 2588 spo-

220 2590 311 2654 lietur
332 2593 487 2670 privilegio
507 2594 636 2656 Canonis
656 2601 687 2656 et
700 2593 795 2662 Feri,
818 2595 871 2656 sed
893 2599 1050 2656 remancat
1069 2589 1171 2669 subje-

220 2677 287 2735 ctus
307 2655 385 2734 sort
406 2672 629 2745 Ecclesiastico,
653 2693 751 2753 neque
773 2675 833 2736 ulla
855 2676 970 2737 ratione
992 2674 1172 2754 subjiciatur

220 2753 419 2834 jurisdictioni
440 2757 558 2820 laicali:
582 2757 662 2834 qnod
683 2775 720 2819 ex
742 2757 816 2835 Cap.
837 2756 913 2820 Gom
934 2775 996 2818 noo
1016 2758 1053 2817 ol
1074 2754 1168 2816 lomi·

222 2853 271 2908 tte,
294 2837 425 2900 inierunt
445 2837 560 2909 annas,
582 2841 612 2900 in
634 2836 707 2917 Cap.
731 2837 770 2899 Aa
790 2842 824 2900 si.
842 2838 963 2914 Clerici,
987 2837 1006 2900 lo
1026 2855 1111 2900 nuru.
1133 2833 1169 2896 a.

222 2917 267 2979 De
287 2916 418 2980 Iudiciis
445 2919 652 2988 Suarez‚.1le
677 2920 843 2986 Censoris.
872 2919 956 2998 Diap.
981 2919 1022 2990 33
1051 2924 1124 2982 sect.
1150 2916 1168 2978 ί

222 3018 306 3064 uum.
330 3000 373 3070 83
395 3000 503 3080 Enget
527 3001 567 3062 od
588 3001 647 3063 Tit.
665 3003 704 3063 37
726 3002 835 3066 Lilall
859 3002 1170 3064 Becracnltomnurn.

224 3081 277 3155 113
294 3085 461 3156 Wiestner,
477 3084 588 3146 ibidem
599 3102 695 3144 num.
712 3084 764 3154 733
787 3083 1065 3162 Schmalzgrueben
1083 3097 1168 3144 urim.

222 3161 309 3238 1354
334 3185 387 3228 nec
417 3167 545 3228 obscure
578 3166 647 3226 inde
668 3167 757 3226 etiam
792 3167 965 3244 colligitur,
995 3165 1074 3242 quod
1102 3160 1172 3226 Cle·

220 3244 279 3307 rici
300 3248 425 3329 depositi
453 3248 630 3326 plerumque
657 3265 674 3308 a
702 3247 794 3308 sacris
815 3247 983 3309 Canonibus
1007 3244 1172 3324 jubeantur

222 3325 339 3393 detrudi
361 3332 524 3392 inerciam
546 3330 772 3396 monasterium,
790 3329 876 3392 sicuti
892 3328 930 3391 de
945 3328 1106 3390 Sacerdote
1121 3342 1173 3386 re-

196 3461 199 3466 .
220 3410 340 3473 velante
355 3417 523 3490 peccatum,
540 3413 597 3473 sibi
618 3413 648 3472 in
662 3409 877 3472 sacramentali
892 3408 1081 3472 Conlessione
1104 3424 1169 3471 ma·

222 3491 409 3564 ιιιιιιιιιιιιιι,
424 3495 531 3556 statuit
543 3492 731 3554 lnnocentius
746 3491 791 3552 lll
805 3492 833 3552 in
847 3490 921 3572 Cap.
938 3487 1041 3553 Omnia
1054 3493 1171 3553 ιιιιιιιι-

222 3590 279 3652 qao
299 3573 445 3646 escuade
461 3575 647 3655 poenitentia
670 3585 697 3636 rt
717 3574 898 3636 remissione.
911 3572 1006 3636 Nemo
1026 3574 1105 3636 enim
1126 3571 1174 3634 ia·
