2567 4042
462 231 689 304 ›appedtdl‘so

91 364 161 424 ba:
194 358 380 432 Benedicat,
418 371 445 420 et
471 360 617 421 custodiet
646 382 707 423 cos.
740 358 852 421 Omnes
875 363 1055 423 conveniunt

91 446 259 513 Auctores,
272 443 352 519 qnod
367 444 546 503 canonicum
562 449 680 522 tempus
695 442 888 519 Completorii
900 448 965 505 erat
978 444 1057 505 hora

88 526 276 587 duodecima
297 532 365 601 post
385 525 584 595 collationem,
610 528 688 587 unde
710 528 865 586 dicebatur
885 526 1057 603 Completo-

93 609 180 668 rinm
210 614 279 683 post
300 608 399 667 oninia
423 626 514 685 opera
539 623 677 668 somnum
707 609 910 671 antecedentia
933 614 1001 683 ante
1022 605 1057 665 fi-

96 708 169 751 nem
193 690 365 765 crepusculi
388 692 577 767 respertini,
610 696 762 767 postremo
784 690 898 750 scilicet
927 690 1056 749 termino

94 772 239 832 abeuntis
262 770 331 836 diei,
356 780 387 830 et
408 773 449 831 ita
470 770 578 832 docent
598 792 718 841 omnes,
742 773 919 849 praesertim
943 770 1058 831 Bellan-

96 854 211 922 minus,
234 851 333 911 Libl
355 851 388 910 de
404 855 485 913 bouis
499 854 634 930 operibus
656 854 684 913 in
708 854 882 931 particulari
904 854 977 930 Cap.
995 852 1054 924 Xl;

95 933 306 999 Francolinus,
323 934 355 993 in
373 931 518 995 Troctoto
531 934 567 994 de
583 944 710 1015 tempore
724 937 872 997 horarum
889 936 1058 997 Canopicu-

97 1036 172 1077 cuae
194 1014 268 1092 Cap.
293 1014 332 1074 29
356 1036 385 1078 n.
411 1017 426 1075 1
451 1024 481 1077 et
503 1035 587 1095 seqq3
612 1018 742 1095 probare
764 1020 868 1077 nititur
890 1016 1056 1095 Completo-

98 1100 182 1159 rinm
198 1104 265 1156 ante
278 1100 347 1157 solis
363 1116 504 1158 occasum
522 1100 641 1158 recitari
657 1099 777 1181 debere,
796 1101 971 1177 pracsertim
989 1099 1058 1175 quia

99 1180 305 1257 Completorio
326 1178 438 1239 Christi
460 1181 613 1258 sepultura
637 1189 899 1259 repraesentatur,
923 1179 1059 1241 Christus

98 1267 204 1322 autem
225 1264 397 1338 sepulturae
413 1267 603 1341 consignatos
619 1262 674 1323 luit
696 1270 764 1324 ante
780 1262 855 1323 Solis
871 1264 1056 1331 occubitum,

101 1351 136 1405 ut
149 1351 290 1403 asserunt
310 1350 447 1405 auctores
468 1346 629 1406 abeodem
653 1347 751 1417 citati;
777 1345 883 1405 deinde
899 1345 986 1405 aliam
1010 1344 1057 1405 ad-

101 1426 146 1486 dit
161 1426 307 1484 rationem
324 1422 533 1495 Francolinus‚
558 1430 700 1489 nimirum
717 1428 785 1505 qula
801 1428 873 1485 alias
889 1428 917 1485 in
935 1423 1060 1507 Hymno

99 1505 377 1584 Completorii-non
400 1509 544 1577 deberent
565 1510 621 1567 dici
644 1510 694 1570 illa
715 1512 805 1571 verba
833 1506 868 1569 Te
892 1509 967 1568 tacis
992 1516 1060 1567 onte

98 1592 274 1650 terminum.
297 1588 443 1662 Quamvis
465 1591 577 1667 optime
610 1591 638 1650 in
661 1590 862 1671 Completorio
887 1594 983 1667 potest
1012 1606 1058 1649 re-

102 1670 288 1749 praesentari
303 1670 466 1733 Salvatoris
482 1675 576 1733 nostri
592 1675 762 1751 sepultura,
788 1674 905 1735 etiamsi
928 1676 994 1749 post
1008 1669 1062 1731 So·

103 1754 140 1813 lis
162 1770 303 1812 occasum
327 1756 493 1827 recitetnr3
526 1758 687 1815 nonenim
713 1757 951 1825 mathematice,
982 1754 1062 1813 acci-

102 1835 246 1913 piendum
276 1840 323 1894 est
347 1838 491 1913 temporis
517 1845 716 1907 momentum,
745 1858 804 1915 quo
831 1839 1061 1898 Sacrosanctum

101 1917 213 1979 Christi
233 1914 349 1993 Corpus
378 1919 405 1975 iu
429 1919 546 1979 tunrulo
569 1920 733 1997 repositum
757 1920 833 1991 lnit3
868 1918 905 1976 ad
927 1917 998 1977 illud
1022 1917 1060 1978 de

103 1999 204 2059 verbis
225 1994 341 2075 Hymni
369 1996 405 2059 Te
427 2001 501 2059 lucis
527 2012 595 2062 onte
618 2003 778 2061 terminum
800 2001 912 2077 optime
939 2017 1061 2073 respon·

104 2080 169 2141 deri
192 2088 291 2155 posset
313 2100 383 2139 oum
406 2080 602 2152 Clichthoveo
624 2085 654 2142 in
679 2085 858 2161 expositione
874 2078 1062 2159 dictiHym-

104 2164 146 2233 ni,
169 2161 244 2221 illud
265 2162 392 2223 verbum
415 2166 488 2224 locis
510 2166 717 2242 accipiendum
741 2184 805 2226 esse
829 2180 884 2243 pro
906 2164 973 2223 luce
995 2178 1060 2220 cre-

105 2244 232 2322 pusculi,
257 2262 315 2303 uon
337 2263 409 2303 vero
432 2265 485 2321 pro
507 2248 575 2308 luce
597 2249 732 2321 corporis
755 2248 871 2315 solaris,
896 2252 926 2305 ct
948 2246 988 2304 ita
1010 2260 1063 2302 ve·

105 2325 238 2387 rideatur
252 2325 491 2401 Completorinm
508 2329 565 2388 dici
581 2336 650 2390 ante
665 2330 828 2389 terminum
845 2328 932 2396 lucis,
951 2342 1060 2401 nempe

106 2414 174 2469 ante
196 2410 358 2467 terminum
376 2411 635 2487 crepusculornm,
660 2417 690 2472 et
711 2412 753 2471 sic
768 2414 880 2487 optime
903 2410 1075 2484 proferun-'

107 2497 177 2561 tur,
203 2494 235 2549 et
255 2490 436 2568 concordant
457 2491 508 2551 illa
529 2493 587 2553 alia
609 2495 724 2558 verba.
755 2511 832 2569 qnae
860 2493 937 2551 inter
960 2505 1063 2568 preces
1105 2504 1112 2513 ·

107 2571 301 2649 Completorii
317 2572 471 2642 dicuntur,
497 2592 604 2653 nempe
616 2576 752 2653 mereare
770 2575 893 2634 llomiec
909 2585 990 2631 nocte
1005 2572 1064 2631 isto

107 2660 164 2715 etc.
188 2653 258 2729 qnia
279 2655 424 2713 nimirum
440 2654 514 2715 haec
530 2658 695 2717 recitantur
710 2658 868 2733 incipiente
883 2654 944 2732 jam
970 2654 1064 2714 noetis

108 2737 295 2813 crepusculo.
320 2733 386 2795 Hac
409 2738 483 2797 hora
506 2739 597 2799 totius
619 2739 678 2799 diei
701 2738 833 2799 delectus
849 2737 987 2815 supplere
1010 2734 1064 2796 de·

109 2819 230 2887 bemus,
254 2823 299 2887 ut,
323 2820 450 2879 caeteris
472 2817 582 2879 lorsam
605 2820 710 2881 officiis
733 2822 830 2880 minus
853 2820 1008 2887 alacriter,
1033 2820 1065 2877 et

93 2898 215 2959 'denote
235 2898 448 2971 interfuimus,
479 2899 586 2977 majori
610 2921 687 2962 nnnc
710 2902 857 2973 fervoris,
888 2920 923 2959 ac
946 2898 1065 2977 pietatis

110 2984 217 3043 conatu
240 2989 379 3055 peractae
402 3000 456 3059 per
479 2984 557 3043 diem
582 2985 723 3043 orationis
750 2983 962 3061 negligentiam
983 2998 1065 3041 com·

110 3079 279 3141 pensemus.
303 3063 425 3125 Fratres
440 3062 666 3127 praedicatores
690 3071 722 3126 nt
744 3066 786 3125 ait
807 3064 1013 3124 Theodericus
1034 3062 1064 3121 in

108 3145 175 3205 vita
189 3142 289 3203 Sancti
305 3144 466 3215 Dominici,
490 3165 546 3207 cen
569 3166 635 3207 rem
646 3147 734 3225 valde
749 3153 881 3223 optatam
896 3144 1066 3221 Completo-

109 3228 187 3288 rinm
208 3228 418 3303 expectabant,
442 3234 532 3305 atque
554 3231 591 3288 ad
615 3229 689 3291 illud
711 3236 852 3305 tanquam
875 3229 911 3287 ad
934 3228 1066 3289 solemne

110 3308 258 3386 quoddam
281 3309 391 3370 testum
415 3329 447 3370 se
470 3317 708 3387 praeparantes,
736 3312 849 3373 mutuis
872 3328 903 3370 se
925 3308 1066 3385 precibus

111 3390 369 3452 commendabant.
386 3392 528 3453 Precibus
542 3394 742 3471 complemusr
758 3394 794 3453 ad
812 3392 1014 3453 humilitatem
1037 3391 1067 3449 iu

111 3470 167 3531 fine
189 3472 274 3539 diei,
298 3490 368 3533 cnm
390 3473 535 3534 Oratione
557 3475 739 3547 Dominiea‚
764 3482 794 3538 et
816 3473 958 3554 Symbola
980 3472 1067 3533 Fidei

114 3554 150 3614 ad
172 3555 394 3616 munimentum
424 3556 462 3615 ab
485 3554 619 3617 hostibus
649 3560 825 3627 nocturnis,
851 3558 891 3617 ita
912 3553 1003 3633 llugo
1033 3556 1068 3615 in

111 3633 231 3716 speculo
254 3635 330 3713 Cap.
355 3636 390 3696 ὅ.
407 3635 605 3701 Concluditur
627 3656 698 3702 cum
721 3640 929 3703 benedictione
950 3636 1071 3698 Praela-

247 3731 306 3785 lol.
325 3736 347 3787 l,
895 3735 930 3787 25
