2567 4042
574 196 800 271 wilti&-

209 329 259 390 vel
282 326 447 389 benedictio
461 323 660 404 Episcopnlis‚
685 326 879 387 nihilominus
901 322 1066 385 nonhabet
1088 326 1165 386 alios

209 410 348 479 ellectus,
370 424 462 485 quam
484 425 561 484 quos
582 408 646 485 ipse
661 407 799 469 Christus
822 405 862 466 illi
883 404 1021 466 attribuit
1041 424 1096 467 suo
1112 406 1166 467 fini

155 518 159 524 ·
210 493 461 569 proportionatam
485 496 670 567 quapropter
693 506 751 549 uon
775 489 866 549 babet
886 486 1011 547 elicctus
1033 489 1165 549 aliorum

209 571 495 637 Sacramentorum,
519 584 573 628 uec
594 570 884 638 sacramentalium,
908 585 985 645 quae
1007 587 1045 629 ex
1067 570 1165 631 libera

209 652 365 718 Ecclesiae
380 652 563 713 institutione
578 652 757 726 dependent.
781 652 941 713 Praeterea
957 648 1082 729 Templa
1100 654 1166 731 ipsa

210 752 270 797 non
291 738 415 813 quidem
436 737 648 793 consecrantur
669 733 843 811 perMissas
865 734 893 791 in
915 732 958 792 eis
979 732 1161 800 celebratas,

209 818 263 879 sod
285 835 338 895 per
359 818 455 891 solam
475 814 607 875 formam
628 820 660 875 et
681 816 757 875 ritus
779 816 817 877 ab
838 813 972 876 Ecclesia
998 814 1162 884 institutos,

207 900 246 961 ad
267 897 524 959 consecrationem
546 894 681 973 Templis
702 913 775 974 rpsrs
796 894 1038 975 rmpertiendam.

217 1012 223 1023 ·
249 979 305 1041 lv.
329 978 400 1040 Post
415 979 499 1056 panis
521 995 574 1038 seu
590 974 717 1038 Hostiae
737 978 916 1038 oblationem
933 974 1045 1036 Patena
1061 976 1164 1035 statim
1267 1024 1268 1039 ,

209 1059 364 1137 Corporali
387 1060 592 1136 supponitur,
615 1076 651 1119 ea
673 1060 754 1119 enim
779 1058 853 1119 nibil
885 1075 960 1135 opus
989 1063 1036 1118 cst
1067 1074 1165 1133 usque

209 1142 248 1202 ud
269 1142 540 1212 Communionem3
565 1138 636 1200 binc
658 1147 714 1210 est,
739 1143 823 1200 utin
846 1139 946 1200 Missis
967 1138 1091 1216 privatis
1114 1139 1165 1199 Sa·
1269 1162 1270 1177 ,

209 1223 317 1285 cardos
346 1241 415 1283 eam
436 1222 592 1299 Corporali
613 1221 781 1299 subjiciat,
804 1229 836 1283 et
857 1222 887 1279 in
908 1218 1008 1281 Missis
1035 1221 1164 1282 cantatis

210 1305 345 1367 tradatur
368 1304 579 1373 Subdiaeono,
603 1304 657 1379 qui
679 1322 747 1364 eam
768 1305 835 1363 velo
857 1302 1023 1362 involutam
1046 1306 1159 1363 teneat.

208 1385 301 1447 Manu
323 1392 424 1448 autem
446 1386 569 1445 dextera
592 1400 661 1442 eam
684 1386 832 1447 sustinere
854 1384 943 1445 debet
963 1382 1000 1442 ad
1016 1383 1163 1466 denotan-

209 1468 280 1528 dam
303 1486 389 1547 spem
408 1471 524 1528 certam
551 1464 670 1525 suturae
692 1465 805 1544 gloriae
838 1474 884 1527 et„
899 1480 988 1524 verae
1017 1464 1161 1525 laetitiae.

210 1549 258 1610 Ob
279 1549 359 1609 banc
380 1550 527 1609 rationem
549 1549 741 1607 caeremonia
769 1546 1013 1607 substentationis
1032 1546 1165 1607 Patenae

123 1635 125 1640 ’
210 1632 241 1689 in
263 1630 483 1691 Defunctorum
510 1628 602 1689 Missa
628 1630 804 1696 omittitur,
834 1630 905 1705 quia
938 1628 966 1686 in
990 1628 1047 1687 hae
1069 1629 1165 1687 Missa

210 1712 307 1772 omnis
328 1712 442 1773 laetitia
461 1709 582 1770 excludi
603 1707 703 1773 debet.
727 1709 772 1770 lta
794 1711 823 1769 in
847 1710 936 1769 Libro
958 1708 1001 1769 lll
1023 1708 1099 1783 Cap.
1120 1708 1164 1768 27

210 1792 248 1853 de
273 1789 301 1851 0
344 1794 383 1853 iic
397 1788 614 1854 Ecclesiastiris
633 1791 724 1852 sentit
737 1790 919 1852 Amalarius.
943 1788 1086 1851 Nonnulli
1105 1806 1166 1867 pu-

210 1879 275 1933 tant
338 1874 424 1935 licem
456 1876 684 1950 repraesentare
712 1890 824 1933 novum
845 1869 1071 1951 Sepulchrum,
1101 1887 1165 1947 qno

210 1952 349 2017 Christus
371 1954 519 2016 Dominus
540 1952 677 2013 conditus
697 1959 765 2025 est-3
791 1953 932 2015 Patenam
955 1970 1027 2013 vero
1050 1950 1166 2031 signiti-

211 2054 282 2097 care
304 2038 476 2098 revolutum
492 2035 622 2114 lapidem
645 2034 682 2093 ad
697 2037 808 2097 ostium
824 2035 1021 2096 monumenti.
1044 2032 1090 2093 lta
1105 2032 1165 2093 Ra·

209 2118 306 2179 banus
332 2118 398 2179 Lib.
422 2118 436 2178 l
463 2119 501 2178 de
523 2116 713 2178 recitatione
736 2115 921 2179 clericorem
942 2113 1014 2192 Cap.
1038 2114 1087 2173 35
1100 2154 1109 2183 ,
1131 2120 1168 2175 et

210 2200 380 2261 lldebertus
400 2198 583 2260 Turonensis
610 2196 641 2254 in
663 2199 846 2261 carminibus
872 2198 910 2257 de
930 2196 1039 2258 Missae
1061 2194 1166 2255 Sacri·
1271 2256 1272 2261 ,

210 2278 292 2341 ficio.
321 2280 428 2358 Neque
454 2280 569 2340 licitum
600 2295 734 2353 unquam
763 2280 820 2341 luit
849 2286 935 2340 extra
958 2277 1166 2355 Scevopbyla·

170 2402 174 2410 -
211 2364 304 2433 cium,
328 2381 382 2422 seu
405 2363 608 2430 Diaconicon,
633 2360 713 2434 quod
735 2360 833 2421 Latini
856 2360 1060 2422 Secretarium
1082 2359 1166 2417 dice-

210 2444 294 2510 bant,
316 2444 366 2502 illa
387 2451 556 2520 asportare,
579 2446 632 2501 aut
653 2440 682 2501 in
706 2442 844 2505 domibus
859 2444 983 2520 privatis
1004 2456 1167 2501 conserva·

211 2542 258 2584 re.
282 2524 315 2584 ln
336 2522 468 2585 Concilio
483 2522 720 2585 Chalcedonensi
743 2526 819 2586 inter
833 2525 969 2595 crimina,
994 2521 1166 2599 quaelbae

211 2603 360 2683 Episcopo
373 2606 524 2667 Edesseno
547 2604 666 2682 objecta
684 2604 817 2676 luerunt,
835 2606 1001 2666 secundum
1019 2604 1077 2663 hoc
1092 2602 1163 2675 luit,

212 2687 293 2763 quod
315 2685 445 2748 Calicem
466 2691 653 2765 gemmatum
675 2689 775 2763 magni
798 2690 889 2764 pretii
911 2688 1071 2748 interrasa
1093 2701 1164 2743 san-

211 2773 260 2827 cta
282 2765 435 2828 Ecclesiae
457 2770 513 2829 sub
535 2766 667 2845 custodis
688 2785 760 2827 cura
782 2786 840 2828 non
863 2767 1041 2845 reposuerit,
1059 2771 1089 2825 et
1111 2784 1166 2827 ne·

213 2848 324 2909 scirent
344 2850 416 2925 quid
438 2848 475 2910 de
489 2868 527 2911 eo
549 2850 664 2910 laetum
688 2856 777 2911 esset.
802 2848 885 2909 ldem
903 2866 968 2909 mos
990 2863 1111 2925 semper
1131 2852 1166 2908 et

211 2930 325 3006 ubique
347 2932 375 2990 in
398 2928 534 2993 Ecclesia
555 2928 703 2998 invaluit,
727 2938 760 2992 ut
781 2948 851 2991 vasa
874 2930 1031 2991 ministerii
1063 2944 1164 3005 neque

211 3014 242 3071 in
264 3013 380 3088 privata
401 3014 503 3082 domo,
527 3027 625 3088 neque
647 3028 665 3069 a
686 3010 817 3089 profanis
839 3011 1034 3081 homiuibus,
1058 3010 1110 3071 sed
1132 3010 1165 3069 in

211 3093 288 3155 aede
314 3111 399 3155 sacra
430 3112 451 3154 a
472 3092 618 3155 ministris
638 3090 856 3155 Ecclesiasticis
877 3092 992 3153 solicite
1023 3097 1053 3151 et
1074 3096 1165 3151 caute
1223 3120 1226 3125 ·

210 3185 417 3238 servarentur.
446 3173 504 3237 His
524 3173 728 3236 custodiendis
759 3193 914 3236 sacrorum
934 3190 1076 3234 vasorum
1110 3188 1166 3231 eu·

211 3262 285 3325 etos,
302 3274 392 3332 quem
415 3255 521 3318 Graeci
536 3255 793 3333 scevophylaeem
817 3253 1086 3318 ethmeliarcben
1109 3268 1165 3311 vo-

107 3355 109 3358 ·
212 3342 294 3406 cant,
316 3339 389 3398 olim
409 3338 620 3416 deputabatur,
642 3334 730 3413 cujus
752 3340 831 3399 inter
851 3336 970 3406 cilicia,
982 3342 1014 3397 et
1034 3335 1165 3412 dignita-

211 3425 275 3562 tete
269 3415 422 3514 Ecclesiae
443 3417 783 3498 Constantinopolitanae
803 3418 943 3483 meminit
963 3417 1092 3481 Codinus
1106 3414 1166 3477 Ca·

213 3517 243 3579 pr
297 3517 407 3579 primo.
