2567 4042
618 153 845 226 *³350ss

622 362 749 426 CAPUT
770 361 843 424 XV.

398 542 443 585 ura
463 518 666 588 vrsrrarrorur
687 545 728 590 ur
750 545 830 590 cunr
850 541 1063 588 rnrrrrnrorruu.

293 689 318 749 l.
342 688 423 750 luter
446 689 620 766 praecipuas
640 689 846 751 Perochorum
870 688 909 770 (1)
933 688 1121 771 obligationes
1143 710 1185 770 po·

254 775 402 831 stremum
431 777 513 832 certe
533 773 634 832 locum
656 790 713 832 uon
735 773 827 832 habet
847 773 976 833 visitatio
1006 777 1037 832 et
1065 786 1136 833 cura
1154 775 1187 834 iu·
1257 815 1258 820 κ

252 851 422 914 firmorum.
452 853 628 930 Opportune
650 861 752 916 autem
778 855 939 915 notandum
969 854 1018 914 bic
1042 854 1116 915 illud
1135 873 1188 916 ceu·

254 954 326 1005 seo,
349 937 427 1011 quod
450 935 501 994 ubi
523 935 647 996 Parocbi
672 935 803 1014 legitimo
826 936 1040 1014 impedimento
1062 936 1187 1007 detenti,
1257 981 1258 986 η

254 1018 394 1078 assistere
416 1017 486 1093 ipsis
501 1017 628 1078 insumis
649 1037 706 1078 non
730 1025 861 1094 possunt,
885 1018 1007 1095 cogendi
1025 1019 1112 1095 plane
1132 1020 1187 1091 siut,
1257 1036 1258 1039 ’

253 1105 288 1160 ut
310 1097 491 1158 necessarios
514 1101 665 1160 ministros
686 1101 742 1160 sibi
764 1098 936 1178 adjungant.
971 1099 1057 1159 Salus
1086 1101 1188 1162 animae
1257 1145 1258 1151 κ

252 1182 362 1258 primo,
387 1185 418 1240 et
432 1181 634 1259 principaliter
656 1184 824 1259 quaerenda
840 1187 885 1243 est
906 1183 935 1240 iu
958 1180 1109 1242 infirmis.
1132 1184 1188 1260 quia
1257 1203 1258 1235 r

253 1269 322 1322 turre
347 1262 488 1339 temporis
503 1265 639 1324 diabolus
662 1264 779 1336 circuit,
803 1270 835 1324 ut
856 1266 992 1335 devoret,
1017 1271 1110 1340 atque
1130 1272 1188 1326 uta
1257 1281 1258 1316 ὲ

252 1345 409 1422 desperata
440 1348 574 1421 corporis
599 1345 695 1406 salute
717 1348 754 1406 ad
776 1345 989 1422 desperandam
1013 1347 1096 1406 illam
1128 1365 1190 1422 quo·
1257 1375 1258 1380 ¹

252 1445 310 1503 que
332 1429 449 1487 animae
465 1445 588 1504 aegrum
612 1429 766 1503 perducat.
791 1429 836 1488 De
851 1427 1038 1488 consolandis
1061 1426 1189 1496 lusrrmis¹

251 1515 282 1569 et
303 1509 452 1570 tribulatis
474 1510 560 1585 plura
582 1509 730 1571 habentur
763 1512 791 1569 in
816 1509 846 1570 S.
870 1510 1012 1588 Cypriani
1035 1510 1189 1586 operibus,
1257 1557 1258 1561 ,

251 1608 328 1666 quae
350 1610 367 1652 a
388 1589 524 1650 Parecbo
546 1593 749 1670 percurrenda
771 1598 861 1660 sunt,
889 1597 921 1652 ut
949 1593 1084 1652 animum
1112 1610 1189 1654 suum
1257 1639 1258 1642 ,

250 1673 379 1734 instruat
399 1671 444 1731 ad'
460 1681 595 1751 prompte
618 1674 858 1752 respondendum
881 1671 990 1732 infirmi
1014 1673 1190 1734 lamentatio·
1234 1719 1258 1750 ,¹

249 1754 337 1816 nibus
359 1760 390 1816 et
411 1756 581 1823 instantiis,
605 1753 732 1834 lusuper
760 1774 818 1815 nou
840 1756 947 1815 desunt
968 1757 1026 1815 alia
1048 1757 1189 1826 volumina

250 1854 268 1896 a
289 1837 345 1912 piis
367 1837 578 1898 Sacerdotibus
601 1837 680 1898 edita
712 1839 748 1899 ad
771 1838 828 1900 hoc
850 1837 996 1898 laudabile
1018 1857 1096 1915 opus
1117 1855 1190 1898 exer·

113 1930 116 1939 ’
162 1970 167 1985 ,
249 1919 388 1980 cendum.
412 1917 508 1980 Hdc
500 1939 530 1978 m
552 1919 657 1997 primis
677 1921 805 1981 suadere
827 1918 944 1980 rnfrrmo
957 1920 1129 1981 Parochum
1147 1921 1190 1980 de
1254 1967 1255 1970 ,

248 2001 331 2070 bere,
354 2012 388 2062 at
409 2000 444 2059 do
455 2004 586 2080 peccaras
608 2001 784 2080 confiteatur
799 2003 886 2079 idque
908 2004 1039 2063 maxime
1061 2003 1187 2071 studere,

248 2093 282 2142 ut
296 2083 336 2144 ud
349 2085 516 2162 generalem
528 2084 563 2141 do
579 2093 641 2142 toto
656 2085 719 2144 cita
733 2092 872 2144 anteacto
884 2078 1097 2161 consessio-nem
1110 2085 1190 2144 allum
1257 2111 1258 2136 ι

246 2165 392 2235 inducat,
417 2168 519 2224 mouet
539 2154 715 2242 quidemS.
739 2164 893 2226 Carolus
886 2185 914 2224 m
937 2168 998 2226 suis
1019 2167 1192 2226 Instructio·
1257 2163 1258 2216 ἶ

247 2247 332 2309 nibus
355 2248 391 2307 de
406 2247 573 2306 visitatione
594 2253 625 2308 et
647 2264 718 2308 cura
726 2245 945 2318 lnlirmorum‚
970 2247 1099 2326 Capite
1091 2247 1189 2307 mseri-

248 2334 322 2404 pto.
347 2331 391 2389 Do
418 2328 611 2408 confessione.
636 2327 750 2390 Eadem
773 2329 933 2388 admonitio
957 2329 1066 2407 legitur
1089 2330 1192 2406 passim

246 2411 276 2469 in
299 2413 390 2474 variis
412 2410 558 2489 Synodis,
591 2429 626 2471 ac
648 2411 683 2470 iis
705 2411 893 2488 potissimum
925 2417 990 2490 post
1016 2409 1192 2472 Oecumeni·

193 2554 199 2566 ,
247 2509 313 2554 cam
335 2491 379 2552 lV
399 2491 633 2554 lateranensem
655 2493 823 2554 celebratis.
841 2492 973 2554 Celebris
994 2511 1061 2554 earn
1085 2493 1115 2553 in
1131 2511 1191 2554 rem

247 2581 294 2636 est
304 2574 390 2635 Bulla
402 2573 501 2636 Sancti
516 2575 560 2636 Pii
571 2575 669 2651 Papae
685 2573 713 2635 V
727 2593 805 2651 quae
828 2576 940 2654 incipit,
958 2577 1055 2655 Super
1065 2593 1189 2653 proptor.

288 2655 327 2717 ll.
352 2654 547 2719 Consuerisse
568 2657 759 2736 potissimum
780 2656 956 2732 generalem
973 2655 1190 2718 Confessionem

246 2739 284 2799 ab
305 2740 526 2815 aegrotantibus
541 2739 744 2805 morientibus
771 2737 860 2807 beri,
894 2739 1068 2817 etquidem
1095 2755 1190 2798 coram

245 2820 456 2882 Sacerdotibus
478 2821 597 2893 multis,
621 2822 820 2882 demonstrari
842 2827 948 2899 potest.
974 2820 1094 2898 Insigne
1111 2821 1192 2898 plane

246 2901 312 2980 ejus
335 2905 378 2964 rei
393 2905 566 2982 exemplum
582 2902 857 2980 suppeditautalcta
879 2903 909 2964 S.
926 2902 1109 2973 Theodardi‚
1133 2904 1190 2963 sire

246 2985 380 3047 Audardi
411 2984 611 3047 Narbonensis
632 2983 773 3062 Episcopi
804 2985 882 3063 apud
905 2983 1081 3046 Bullandum
1106 2983 1153 3044 die
1175 2983 1189 3042 1

244 3065 331 3146 Maji.
355 3067 442 3142 Quod
464 3070 490 3129 si
511 3086 601 3146 aeger
631 3068 761 3144 aliquis,
785 3067 1003 3128 hortationibus
1030 3083 1066 3125 ac
1099 3066 1190 3126 moni-

245 3148 284 3208 tis
306 3150 529 3221 sacerdotum,
552 3151 601 3210 vel
622 3150 789 3210 amicorum
812 3154 842 3209 et
863 3149 1098 3209 domesticorum
1121 3165 1187 3207 cou-

244 3231 318 3291 siliis
340 3233 447 3294 adduci
470 3251 527 3293 nou
549 3237 661 3309 potest,
685 3237 720 3292 ut
741 3231 813 3292 velit
835 3238 956 3308 peccata
976 3249 1028 3292 sua
1045 3227 1187 3295 confiteri,

246 3313 348 3374 verbis
372 3316 468 3391 primo
491 3315 636 3376 utendum
659 3318 705 3374 cst
725 3313 762 3372 ad
777 3313 992 3373 convincendos
1014 3314 1187 3390 pertinaces,

245 3391 351 3456 deiude
366 3397 559 3458 orationibus.
582 3394 689 3474 ltaque
704 3395 827 3474 genibus
843 3389 927 3456 llexis
942 3399 971 3456 et
992 3395 1072 3454 omni
1095 3393 1215 3455 burni-

280 3578 315 3640 (l)
333 3578 456 3643 Mancini,
475 3585 512 3634 De
530 3581 657 3634 Practtoo
673 3578 806 3634 visitandi
823 3577 958 3649 Infirmos,
976 3579 1039 3644 Gap.
1053 3578 1065 3628 l
1077 3581 1104 3628 ot
1115 3587 1185 3641 seqq.
