2567 4042
457 161 682 253 apansa

80 317 120 379 a,
139 329 215 370 mox
231 311 399 378 reserenda,
417 312 513 372 lorma
528 313 700 393 universali,
719 329 822 372 omnes
837 329 941 372 sensus
953 329 1036 372 com·

74 395 245 470 plectente.
259 395 304 454 lla
319 394 452 472 Sylvius,
467 396 495 454 in
511 394 740 472 sepprpoaar.
758 393 807 458 32.
824 399 881 454 art.
895 393 927 466 6,
945 412 1036 471 quae·

79 480 116 534 st.
132 475 173 545 23
198 474 343 537 Nicolaus
358 475 507 551 Serapim.
535 471 632 537 Tract.
651 477 694 536 De
713 473 908 536 Sacramenta
924 475 1036 536 Estre·

80 574 146 616 mae
174 555 329 618 [lectionis
350 555 423 636 Cap.
444 557 478 625 Ἲς
502 557 647 628 Becanus‚
672 559 699 616 in
722 557 846 618 &mmo
865 557 1034 635 llreoloptca

78 636 150 717 Cap.
175 637 231 706 27,
255 645 372 714 quaest.
397 642 428 710 73
453 638 564 707 Estius‚
588 640 617 699 in
640 637 670 698 lv.
695 639 761 699 dist.
786 637 826 697 23
847 637 935 709 §153
960 639 1036 700 Piet-

79 726 123 790 te‚
152 720 350 796 Quaestiones
377 717 562 798 cholopicac
579 731 666 800 part.
691 720 711 779 6
733 731 843 798 quaest.
869 721 903 791 5;
925 722 1035 799 aliique

79 803 270 863 recentiores
292 804 415 881 passim.
438 801 519 863 Huic
542 804 670 879 opinioni
694 803 910 864 validissimum
933 803 1034 864 lunda·

78 891 219 945 mentum
255 885 380 961 praebet
400 885 519 945 diversa
550 886 578 943 in
601 885 776 946 unctionum
800 903 926 946 numero
949 885 1035 946 disci-

80 968 182 1042 plina,
210 984 302 1042 quem
326 968 353 1026 in
376 967 501 1027 diversis
523 963 663 1028 Ecclesiis
684 983 739 1026 sua
762 973 859 1028 aetate
882 968 1033 1045 viguisse,

79 1049 214 1108 affirmat
236 1047 377 1108 Alhertus
395 1047 521 1124 Magnus
543 1049 572 1108 in
595 1049 613 1108 lv
635 1050 704 1108 dist.
721 1047 761 1107 23
783 1053 840 1107 art.
860 1049 909 1108 16.
934 1050 1034 1125 Atque

79 1130 271 1191 exordiendo
293 1130 331 1188 ab
346 1127 480 1189 Ecclesia
495 1128 654 1200 Orientali,
672 1131 743 1189 licet
768 1129 875 1190 Graeci
892 1137 965 1191 teste
982 1131 1035 1190 Ar·

81 1213 167 1272 cudio
195 1210 343 1275 concord.
359 1211 425 1270 Lib.
443 1211 469 1271 V
491 1210 565 1290 Cap.
583 1213 623 1283 7,,
639 1229 718 1274 nunc
741 1214 884 1289 inungant
906 1213 1035 1272 frontem

80 1301 230 1360 mentum,
255 1294 359 1352 ambas
381 1311 482 1371 genas,
509 1299 633 1370 pectus,
658 1311 780 1364 manus,
804 1302 834 1356 et
856 1294 966 1372 pedes;
991 1301 1035 1354 at·

81 1380 203 1440 tamen,
237 1375 359 1436 ineunte
381 1376 502 1436 saeculo
522 1375 569 1436 IX
592 1382 653 1437 tres
675 1381 789 1436 tantum
811 1377 963 1437 unctiones
995 1376 1033 1436 ab

80 1456 185 1518 iisdem
202 1456 269 1517 fieri
286 1459 477 1518 consuevisse
492 1459 600 1520 asserit
613 1457 830 1534 Theodulplrps
842 1456 1034 1518 Aurelianen-

82 1540 118 1598 sis
137 1540 321 1616 Episcopus,
349 1538 480 1619 Copital.
497 1537 527 1598 ll
548 1540 625 1618 apud
641 1539 795 1601 Baluzium
814 1545 886 1600 tom.
905 1538 961 1600 Vll
977 1536 1034 1600 Mi·

81 1623 200 1680 scellam·
228 1619 260 1679 ln
283 1618 417 1681 Ecclesia
431 1637 504 1681 vero
519 1620 703 1684 Occidentali
727 1620 1033 1699 invenimus-quidem

82 1702 110 1759 in
129 1701 160 1762 S.
187 1701 327 1779 Gregorii
350 1701 601 1774 sacramentario,
626 1703 707 1764 edito
729 1723 747 1764 a
768 1703 925 1771 Menardo‚
949 1719 1035 1782 prae·

83 1786 209 1860 scriptas
231 1785 386 1844 unctiones
408 1786 539 1861 quinque
561 1804 726 1848 sensuum:
751 1789 782 1844 at
804 1787 833 1843 in
856 1786 957 1846 codice
978 1783 1034 1844 Ra·

82 1867 151 1925 toldi
176 1867 304 1927 Abbatis
326 1867 384 1926 illis
406 1866 522 1939 additas
544 1869 670 1946 legimus
686 1869 853 1928 unctionem
878 1867 957 1936 colli,
982 1885 1034 1945 pe·

84 1949 172 2006 cteris
201 1955 233 2008 et
258 1949 458 2023 scapularum.
484 1947 582 2026 Maius
604 1950 702 2011 adhuc
724 1955 937 2026 argumentum
959 1948 1033 2008 huic

84 2029 178 2089 cidem
203 2029 337 2108 opinioni
358 2031 550 2107 suppeditant
571 2033 740 2092 recentiora
756 2028 952 2114 peculiarium
975 2027 1033 2089 Ec·

84 2109 243 2171 elesiarum
268 2109 408 2176 Ritualia
431 2113 549 2172 unicam
572 2115 743 2174 unctionem
769 2110 833 2172 fieri
859 2111 1034 2189 permitten-

84 2191 131 2259 tia,
157 2193 183 2251 si
210 2210 314 2253 omnes
335 2192 434 2270 perfici
457 2202 617 2270 nequeant.
825 2194 827 2200 '

119 2273 190 2333 Vll.
216 2275 460 2335 Dissertationem
487 2275 524 2336 de
548 2273 690 2337 Extrema
711 2272 854 2336 Unctione
877 2276 1034 2335 concinna·

84 2355 124 2413 vit
144 2357 326 2416 Benedictus
347 2357 384 2418 de
407 2356 564 2428 Gaetanis,
589 2358 618 2418 in
641 2375 699 2435 qua
721 2375 757 2416 ex
772 2358 864 2417 variis
886 2355 1034 2417 Ecclesia·

85 2452 148 2495 rum
171 2437 343 2499 Ritualibus
364 2458 435 2499 cum
456 2440 593 2514 graecis,
617 2447 681 2500 tum
703 2438 799 2500 latinis
822 2438 922 2516 plures
945 2437 1033 2498 colle·

85 2518 125 2590 git
144 2508 309 2590 immulas,
332 2521 441 2597 quibus
462 2521 520 2580 lroc
542 2520 768 2582 Sacramentum
791 2521 1031 2582 administratum

85 2603 137 2657 est.
160 2601 323 2662 Lectorem
345 2604 468 2664 adeum
490 2603 667 2681 allegamus.
692 2597 801 2663 Forma
817 2602 910 2681 hujus
927 2595 1037 2663 Sacra:

86 2684 175 2740 menti
201 2702 217 2742 a
240 2682 361 2743 Christo
384 2685 412 2742 in
435 2686 553 2762 specie,
576 2702 630 2744 seu
654 2685 743 2744 certis
765 2685 865 2745 verbis
889 2685 1033 2760 praescri·

87 2767 134 2835 pta
154 2783 215 2825 non
237 2771 293 2826 est.
318 2763 361 2824 Ea
384 2765 453 2824 olim
476 2767 635 2826 indicativa
658 2764 737 2837 luit,
768 2785 845 2843 napo
868 2775 894 2824 te
915 2773 974 2826 etc.
999 2771 1033 2826 ut

88 2859 122 2900 ex
137 2849 265 2908 vetustis
279 2846 450 2907 Ritualibus
471 2855 503 2908 et
518 2847 719 2908 monumentis
734 2853 850 2908 constat
864 2849 940 2924 apud
954 2847 1033 2906 Lau·

90 2925 202 3004 rojam,
219 2929 416 2993 Martenium.
432 2928 624 2997 Menardum‚
641 2929 786 3006 aliosque.
804 2927 959 2988 lnteidum
975 2929 1031 2988 lor·

88 3009 195 3072 mulam
225 3013 334 3088 partim
358 3012 570 3077 indicativam,
594 3011 702 3088 partim
730 3011 951 3088 deprecativam
975 3009 1031 3070 La·

89 3086 137 3148 tini
151 3100 344 3170 usurparunt,
368 3111 445 3169 quae
466 3094 628 3153 exhibetur
650 3094 679 3152 in
696 3093 935 3154 sacramentario
956 3090 1031 3152 Gre-

89 3174 158 3242 gorii
174 3175 284 3252 Magni.
302 3175 387 3248 Quae
410 3193 487 3235 nunc
503 3177 532 3234 in
547 3173 683 3234 Ecclesia
706 3175 811 3234 Latina
826 3177 864 3234 sit
885 3173 1031 3234 adhiben-

90 3247 134 3322 lla,
154 3253 216 3332 jam
238 3274 256 3315 a
278 3255 449 3318 Tridentino
470 3258 668 3334 accepimus,
693 3262 722 3316 et
744 3257 854 3317 clarius
876 3255 904 3313 in
920 3253 1031 3316 Rituali
1076 3298 1078 3301 -

90 3328 216 3424 llomano
237 3338 413 3415 explicatur,
437 3358 515 3415 quae
538 3340 585 3399 his
596 3338 698 3398 verbis
722 3355 864 3414 expressa
886 3343 947 3397 est:
972 3335 1030 3397 Per

91 3425 173 3477 estam
192 3430 327 3480 sanctam
348 3424 538 3492 coctionem,
572 3429 600 3480 et
621 3438 707 3480 roam
725 3420 892 3498 piissimam
915 3421 1030 3479 miseri·

94 3498 215 3560 cordiam
236 3501 460 3582 indulgentiali
476 3503 555 3562 Deus
577 3499 726 3580 quidquid
747 3501 899 3578 deliquisti
914 3519 971 3580 per
986 3503 1031 3561 oi·

93 3591 160 3652 sam,
181 3583 329 3658 auditum,
347 3584 502 3663 olfactum,
519 3593 638 3662 postam
654 3591 681 3644 et
696 3592 828 3645 tactum:
843 3600 920 3660 quae
937 3582 1031 3659 magis
