2567 4042
432 191 655 266 *383*

75 320 199 402 gloriam
215 319 280 400 ejus
300 321 451 382 modulata
466 322 621 384 suavitate«
635 321 804 389 concinere,
828 338 887 397 quo
900 336 1035 396 operum·

77 409 246 464 nostrorum
270 410 474 466 consummato
504 404 690 470 certamine,
713 402 806 464 veluti
828 403 957 462 victores
979 419 1027 462 re·

76 485 177 561 quiem
200 504 383 548 mereamur.
407 485 535 563 Insuper
556 484 769 563 Vespertinum
791 483 929 544 Officium
946 484 1027 544 diur-

78 584 133 628 nae
155 568 228 628 lucis
250 585 372 630 occasus
393 574 455 628 est:
479 574 569 645 atquo
592 567 659 629 idco
680 566 790 627 saeculi
812 564 902 644 liujus
923 565 1027 627 interi·

77 656 162 717 tum,
185 652 325 726 vitaeque
346 655 466 711 nostrae
489 649 579 710 sanem
602 649 799 717 demonstrat,
824 654 856 709 ut
876 646 1027 725 Hierony·

77 747 145 792 mus
167 737 197 792 ct
218 731 375 792 Caesarius
398 732 565 794 luculenter
587 731 804 792 demonstrant.

352 919 353 924 ¹
443 892 570 955 CAPUT
592 893 662 956 Vll.

403 1075 445 1120 DE
466 1075 700 1122 concremaro.

115 1221 142 1283 1.
167 1219 421 1298 Completorium,
444 1223 514 1298 quia
536 1224 565 1281 in
589 1241 624 1282 eo
647 1223 781 1297 divinum
797 1219 936 1282 Officium
952 1235 1030 1278 com·

77 1303 201 1382 pletur,
225 1305 266 1360 sic
289 1302 422 1371 dictum,
447 1303 476 1364 S.
502 1304 695 1366 benedictum
718 1307 918 1366 institutorem
940 1317 1030 1378 agno·

78 1389 144 1455 scit,
163 1389 239 1444 teste
261 1383 410 1444 Cardinali
426 1385 507 1444 Runa
525 1385 560 1445 de
576 1387 691 1448 Diuico
707 1384 877 1447 Psalmoda'o
890 1383 962 1460 Cap.
977 1378 1027 1442 [ιδ.

77 1466 184 1529 Nullus
213 1466 340 1543 scriptor
369 1465 399 1527 S.
423 1467 584 1548 Benedicto
611 1469 785 1545 antiquior,
810 1466 945 1546 ejusdem
968 1480 1032 1523 me·

78 1550 186 1622 minii-3
217 1553 248 1607 at
270 1554 367 1608 tamen
390 1551 540 1610 orationes
561 1550 678 1628 aliquae
699 1549 834 1618 fiebant,
857 1554 887 1608 et
907 1548 1031 1607 deman-

78 1632 165 1692 datae
188 1629 380 1706 reperiuntur
403 1638 468 1707 post
489 1630 661 1708 Vesperas‚
685 1651 759 1709 quas
782 1630 933 1692 Gavantus
956 1631 1029 1689 sect.
1056 1668 1060 1685 r

78 1712 190 1790 erap.
209 1710 228 1769 6
250 1728 334 1772 num.
358 1710 379 1771 2
401 1714 474 1772 rude
497 1712 731 1789 Completorium
755 1718 925 1791 nuncupat,
949 1709 1028 1770 idest

77 1793 271 1872 Completorii
304 1796 395 1855 nostri
423 1795 580 1871 vestigium
614 1797 775 1872 quoddam.
810 1792 1032 1856 Conveniebant

78 1876 219 1936 Monachi
241 1879 307 1934 ante
329 1873 564 1953 Completorium
586 1878 622 1936 ad
639 1876 832 1939 Collatioriem
848 1875 1028 1936 habendam.

80 1957 276 2019 Collationem
305 1957 450 2017 vocabant
472 1955 630 2019 lectiodem
653 1979 746 2025 eam,
771 1977 861 2035 quam
883 1957 913 2018 S.
938 1956 1034 2015 liene-

79 2041 178 2102 dictus
201 2045 270 2099 antc
284 2036 521 2116 Completorium
544 2039 608 2100 fieri
632 2043 758 2104 instituit
778 2061 815 2101 ex
830 2041 898 2100 vitis
919 2043 950 2097 et
971 2035 1032 2095 col·

80 2122 241 2183 lationibus
262 2119 398 2182 Patrnm.
422 2120 508 2182 Hanc
530 2123 567 2182 ad
589 2122 746 2184 lectionem
775 2123 935 2183 convenire
957 2118 1033 2178 sole-

24 2263 25 2268 ,
80 2204 153 2264 bant
174 2205 204 2261 in
227 2199 382 2272 Ecclesia3
406 2204 495 2280 idque
518 2206 650 2277 omnino,
674 2211 708 2265 ut
729 2202 868 2273 ridetur,
893 2203 1034 2262 admen-

24 2347 25 2350 ,
80 2293 139 2347 tem
164 2285 196 2346 S.
219 2283 396 2352 Benedicti,
420 2287 469 2362 qui
491 2288 597 2347 eodem
620 2289 708 2365 plane
735 2290 763 2348 in
788 2288 851 2346 loco
874 2284 1033 2344 lectionem

81 2367 144 2428 fieri
167 2367 274 2437 noluit,
298 2385 357 2444 quo
378 2374 409 2428 ct
429 2365 665 2446 Completorium
687 2370 819 2437 cantari,
843 2374 876 2428 nt
896 2365 967 2426 satis
988 2363 1033 2420 in·

81 2456 176 2512 nuunt
204 2449 279 2508 baec
301 2447 366 2526 ejus
387 2449 505 2510 rerba:
540 2448 647 2511 Omnes
674 2469 740 2530 erqo
769 2453 804 2510 in
828 2469 922 2510 onum
944 2443 1034 2526 positi

84 2533 257 2612 compleant.
292 2531 440 2608 Antiquus
473 2530 553 2592 Ordo
586 2534 818 2594 conversationis
850 2529 1057 2591 Monosticae

82 2613 182 2674 locum
204 2609 373 2672 Collationis
395 2612 547 2675 faciendae
569 2613 704 2692 designat
723 2612 906 2693 Capitulum.
924 2610 1032 2671 Petrus

83 2693 229 2756 boherius
257 2694 420 2754 claustrum
450 2697 497 2755 vel
521 2695 694 2773 Capitulum
722 2696 856 2776 designat
871 2695 919 2754 *ad
942 2692 1032 2752 colla-

83 2777 170 2838 tionis
203 2775 376 2836 lectionem.
406 2773 673 2848 Camaldulenses‚
708 2784 742 2838 ut
773 2777 875 2838 scribit
905 2774 1030 2835 Hacste·

84 2879 148 2928 nus,
167 2857 357 2919 collationem
373 2858 487 2918 iaciunt
508 2860 537 2918 in
560 2857 707 2936 Capitnlo,
724 2860 771 2921 vel
788 2861 917 2920 claustro
931 2855 1034 2915 Eccle-

84 2943 144 3002 siae
166 2940 354 3018 proximiori.
379 2937 465 3001 Hanc
488 2941 527 3001 ad
547 2943 714 3009 lectionem,
732 2943 801 3002 dato
823 2943 924 3017 signo,
941 2940 969 2997 in
992 2937 1035 2996 lo·

85 3040 150 3084 cum
174 3022 349 3097 deputatum
373 3022 451 3084 illico
473 3023 698 3089 conveniebant,
727 3042 786 3100 quo
808 3023 921 3088 audito,
946 3019 1035 3079 alior-

85 3123 149 3168 sum
165 3105 315 3164 divertere
339 3105 422 3165 netas
437 3105 612 3166 ducebatur.
637 3104 785 3166 Omnibus
807 3107 945 3164 inunum
965 3119 1036 3160 con-

86 3187 225 3267 gregatis,
238 3183 348 3246 Lector
370 3188 515 3248 accedens
537 3187 572 3246 ad
596 3187 778 3262 analogium,
792 3186 948 3246 lectionem
964 3185 1032 3242 inci·

85 3271 201 3343 plebat;
226 3267 314 3342 idque
330 3270 421 3347 petita
445 3269 661 3330 benedictione.
686 3267 783 3329 Finita
805 3269 841 3326 ad
857 3273 962 3326 nutum
978 3263 1036 3326 Ab

85 3349 158 3412 batis
176 3348 343 3416 collatione,
367 3355 397 3410 et
418 3350 495 3412 dicto
517 3351 554 3410 ab
569 3350 713 3411 Lectore:
740 3347 782 3409 Tu
798 3359 894 3409 autom
910 3346 1035 3406 Domine

86 3440 140 3492 etc.
165 3429 365 3508 subjungebat
379 3431 495 3492 Abbas:
513 3431 707 3512 Adjotoriam
722 3442 874 3499 nostrum,
892 3435 923 3490 et
937 3430 979 3488 sic
995 3429 1035 3488 in·

87 3515 201 3575 trabant
216 3513 253 3574 ad
268 3511 515 3591 Completorium.
534 3514 611 3574 Hinc
626 3519 683 3585 est,
702 3515 781 3590 quod
797 3511 1033 3589 Completorium

87 3602 219 3692 nostrum
242 3595 345 3673 incipit
365 3591 472 3656 alula
494 3614 562 3659 oum
587 3596 889 3675 lectionedesumpta
910 3612 947 3655 ex
962 3593 1035 3670 Epi·
1096 3642 1099 3646 .
