2567 4042
591 202 817 276 *9268*

238 332 276 394 ad
290 331 483 394 Sacramenta
505 332 747 408 administranda,
764 351 867 396 omnes
889 333 998 411 passim
1015 333 1123 414 Synodi
1138 336 1182 396 in·

239 413 368 477 culcant.
384 416 508 478 Mandat
528 423 661 476 nostrum
678 413 796 477 Rituale
817 422 850 479 ul
864 414 1027 485 Perochus
1044 415 1092 476 rel
1107 416 1181 478 alius

237 494 402 566 Sacerdos,
426 504 585 575 antequam
607 498 645 558 ad
667 497 929 560 sacramentorum
951 497 1182 560 administratio-

235 595 307 639 nem
328 579 461 652 accedat,
478 578 613 639 ordinem
634 579 841 650 ministrandi,
860 588 887 640 ct
909 579 1110 640 coeremoniae
1126 599 1183 659 pro

239 663 504 741 camporeperto,
521 660 714 739 praevideat,
739 672 766 722 ct
782 662 927 740 perlopot.
949 661 982 722 ld
1005 661 1092 739 plane
1113 679 1181 740 pas·

238 744 295 804 sim
311 744 462 804 inculcant
475 741 614 819 Episcopi
637 744 666 802 in
683 744 744 804 suis
759 742 898 822 Synodis,
915 743 1094 819 praesertim
1108 761 1182 804 uero

237 824 269 886 S.
293 823 417 886 Carolus
438 825 468 883 in
483 823 621 885 Consiliis
642 825 705 884 suis
726 825 1007 888 Mediolanensibus.
1023 821 1182 904 Superpel-

237 906 347 967 liceum
370 923 439 967 cum
460 903 542 968 Stota
564 905 767 968 adhibendum
794 926 813 967 a
837 905 981 968 Parochis
1012 905 1181 968 Sacerdoti·

236 987 353 1062 busque
374 987 403 1046 in
425 985 688 1050 sacramentorum
710 989 962 1050 administratione
993 989 1181 1066 praecipiunt

235 1069 345 1147 passim
368 1085 471 1130 sacrae
485 1067 700 1148 Episcoporum
716 1070 826 1149 Synodi
847 1071 1043 1149 provinciales
1065 1087 1099 1130 ac
1113 1087 1182 1149 par·

237 1150 389 1218 ticulares,
414 1156 447 1211 ut
467 1169 514 1221 ea,
538 1170 596 1229 qua
617 1168 671 1229 par
693 1158 747 1220 est,
770 1152 911 1232 religione
927 1157 957 1214 et
978 1153 1059 1213 cultu
1073 1151 1182 1212 Sacra·

236 1239 338 1294 menta
359 1232 613 1295 administrentur.
631 1231 726 1293 Recte
748 1235 790 1293 ait
805 1240 940 1296 nostrum
955 1233 1072 1295 Ritualc
1095 1233 1181 1294 adiri·

235 1313 365 1376 bendum
388 1331 453 1375 esse
475 1333 595 1392 quoque
615 1311 783 1376 aPar'oclro
804 1334 840 1377 ea
862 1317 1061 1383 ministrante,
1084 1333 1181 1376 unum

234 1398 338 1457 saltem
361 1398 388 1458 ai
408 1397 524 1464 naarai,
548 1398 592 1458 cet
609 1397 713 1476 ptores
728 1395 866 1470 Clericus,
885 1407 976 1476 prout
996 1393 1061 1467 loli,
1086 1407 1112 1456 et
1127 1395 1184 1458 sa-

235 1479 383 1538 crementi
395 1479 475 1539 rotio
484 1479 657 1557 postotcdit.
672 1477 783 1540 Statuit
803 1480 924 1558 insuper
933 1476 1097 1539 Concilium
1112 1475 1182 1537 Tri·

234 1559 389 1622 dentinum
410 1558 546 1621 Sessione
561 1556 670 1619 XXIV
687 1559 730 1619 Dc
744 1557 978 1640 deformatione,
993 1559 1096 1639 Capite
1107 1557 1179 1632 Vll,

234 1647 269 1702 ut
287 1642 327 1702 ab
348 1639 504 1720 Episcopis
524 1645 555 1703 et
568 1640 707 1702 Paroohis
722 1639 982 1705 Sacramentorum
1003 1641 1181 1708 virtusne·
1235 1705 1237 1712 ,

234 1725 356 1800 tequam
383 1722 492 1801 populo
513 1722 783 1791 administrentur,
806 1724 984 1801 explicetur.
1001 1721 1058 1784 His
1080 1721 1181 1783 conei-

235 1803 278 1864 nit
305 1803 337 1865 S.
360 1801 483 1866 Carolus
514 1807 544 1866 in
566 1803 699 1867 Concilio
720 1801 896 1867 Provinciali
918 1805 933 1866 l
953 1803 1178 1866 Mediolanensi.

233 1881 330 1963 Digna
351 1885 439 1964 plana
461 1901 510 1948 res
531 1887 661 1947 lacrimis
682 1892 740 1956 est,
757 1904 878 1963 pueros,
901 1887 1113 1955 adolescentes,
1132 1903 1181 1946 se·

174 2023 179 2032 .
234 1981 347 2046 uosque
368 1967 538 2047 complures
553 1968 690 2039 inveniri,
706 1968 759 2045 qui
773 1969 810 2028 ad
826 1968 1018 2031 Sacramenta
1035 1968 1184 2030 accedunt

234 2048 297 2109 sine
317 2049 378 2112 ullo
399 2067 521 2128 prorsus
542 2050 673 2119 terrore,
696 2049 776 2127 quod
797 2068 902 2112 eorum
925 2053 1078 2117 virtutem,
1102 2049 1183 2111 utili·

233 2134 338 2203 tatem,
361 2139 392 2194 et
413 2133 572 2211 praecipue
592 2129 870 2202 Caeremoniarum,
894 2132 1003 2210 quibus
1025 2130 1180 2194 celebran-

234 2215 297 2285 tur,
314 2212 545 2291 significationes
567 2216 713 2275 nesciunt.
726 2209 832 2291 Neque
846 2215 896 2275 hic
911 2212 1175 2292 praetermittenda

232 2299 280 2356 est
299 2294 383 2357 Bulla
406 2294 559 2356 Benedicti
579 2293 681 2365 xiil,
705 2294 756 2372 qui
783 2295 812 2354 in
835 2314 889 2358 suo
911 2293 1041 2357 Concilio
1069 2293 1185 2354 itoma-

233 2393 294 2448 no,
324 2375 476 2437 mandauit
496 2375 574 2438 Cleri
596 2375 860 2454 Congregationem
888 2384 996 2456 quater
1017 2377 1124 2440 saltem
1146 2377 1178 2437 in

233 2474 346 2526 meuse,
363 2476 415 2519 seu
437 2460 530 2520 semel
551 2460 581 2518 in
603 2458 791 2519 hebdomada
814 2459 982 2520 habendam
1004 2477 1059 2538 pro
1074 2457 1182 2520 Sacro·

233 2557 303 2599 rum
324 2540 445 2602 Rituum
467 2541 690 2618 disceptatione.
713 2537 834 2618 Optime
854 2541 941 2603 docet
960 2541 1096 2613 liituale,
1120 2555 1180 2599 non

232 2617 346 2694 dehere
359 2620 513 2684 Ministros
528 2621 791 2684 sacramentorum
815 2622 941 2684 multum
964 2625 1127 2684 memoriae
1143 2619 1179 2681 u-

233 2701 305 2763 dere
319 2704 350 2762 in
365 2704 538 2765 recitatione
549 2703 723 2774 uerborum,
736 2721 861 2781 precum
874 2708 905 2765 ct
914 2707 1081 2766 orationum
1092 2719 1180 2783 prae·

233 2785 414 2862 scriptarum
441 2786 469 2845 in
491 2785 734 2864 administrandis
755 2784 979 2856 sacramentis,
1002 2787 1054 2847 sed
1076 2784 1177 2847 omnia

233 2866 357 2946 legenda
372 2885 409 2928 ex
421 2866 510 2929 Libro
521 2866 741 2936 Caeremonius,
753 2883 788 2928 ac
800 2869 894 2936 Ritus,
911 2872 945 2928 ut
965 2885 1017 2928 cos
1037 2868 1178 2929 decenter

232 2952 265 3008 et
284 2948 368 3027 gravi
390 2949 506 3012 actione
526 2966 674 3028 peragens
696 2948 857 3017 Sacerdos,
881 2948 1012 3027 seipsum
1034 2949 1179 3024 reliquos*

232 3046 292 3106 quc
313 3031 351 3092 ad
372 3033 586 3098 reverentiam,
609 3037 641 3093 et
662 3030 862 3101 devotionem,
883 3047 937 3092 uec
959 3049 1016 3091 non
1039 3031 1177 3109 spiritua·

232 3110 307 3174 lium
320 3112 546 3193 Mystoriorum,
562 3131 639 3192 quae
654 3117 829 3186 tractantur,
847 3113 1111 3174 considerationem
1128 3128 1178 3172 ex·

234 3195 316 3256 citet.
339 3193 379 3256 Et
399 3214 431 3256 rc
453 3197 573 3273 quidem
594 3211 666 3256 vera
696 3196 724 3254 in
752 3193 837 3256 vultu
865 3195 1033 3273 aliquorum
1055 3193 1180 3256 Sancto·

234 3293 302 3338 rum
325 3277 460 3339 uirorum
488 3278 720 3339 ministrantium
742 3273 959 3348 Sacramenta,
987 3278 1074 3338 toties
1095 3277 1180 3336 visus

233 3363 280 3419 est
298 3357 448 3436 splendor,
463 3364 498 3420 ut
512 3361 549 3422 de
564 3357 595 3420 S.
607 3355 746 3438 Philippo
759 3357 849 3419 Nerio
864 3359 1001 3438 legimus,
1018 3358 1055 3420 de
1071 3355 1102 3418 S.
1116 3358 1182 3418 An-

234 3436 305 3500 drsa
320 3440 470 3512 livellino,
493 3443 641 3520 quivere
664 3440 863 3502 ministerium
886 3457 975 3503 suum
997 3440 1173 3519 implebant.
