2567 4042
444 162 670 267 witin·

62 323 155 384 idern
177 328 209 383 et
223 321 357 383 Versum
378 325 511 391 recitat.
535 325 578 385 ait
598 324 682 385 Ordo
703 322 858 386 Romanus
879 327 971 387 ceteri
988 342 1035 389 re-

64 408 195 485 petunt,
218 409 253 465 ut
266 406 363 481 ipsum
386 406 522 466 dicamus
544 426 660 477 omueS,
684 414 716 467 et
738 426 794 466 uon
817 408 926 467 sintin
949 408 1034 469 uobis

63 488 252 549 schismata.
266 485 420 563 Repetitio
434 494 482 549 est
502 488 690 567 imperfecte,
716 488 772 551 boc
787 495 844 559 eet,
869 489 964 565 partis
972 495 1037 551 tsn-

67 576 140 631 tum
166 568 380 647 Respousorii,
403 571 632 638 utiateamur,
654 588 744 648 opera
768 574 868 631 nostra
891 588 956 631 esse
979 573 1036 631 im-

69 651 224 730 periecta.
250 649 283 710 ln
306 650 454 728 aliquibus
476 650 572 714 Festis
592 657 639 713 est
661 652 794 731 perlecta
817 670 832 711 a
856 654 976 729 capite,
1000 658 1035 715 ut

70 734 230 812 inprime
256 731 459 810 Respousorio
486 730 600 795 Nitalis
622 733 763 813 Domi-ui,
792 732 970 806 Pascbatis,
1005 740 1036 797 ei

69 817 192 894 primae
210 814 382 881 liomiuicae
397 816 567 877 Adventus:
583 817 621 876 ad
636 816 834 877 denotandam
843 815 967 895 plenum
983 834 1035 877 uo-
1107 864 1110 871 .

46 900 50 905 “
71 898 174 959 titiam
197 902 229 957 et
249 893 466 973 perfectionem
490 896 681 959 Sanctorum.
705 897 764 971 Qui
774 898 852 958 ‘olim
867 898 1034 974 Responsu-

37 1018 47 1045 ,
70 980 157 1042 rium
175 979 376 1058 praecinebat,
400 998 477 1041 unus
493 979 649 1041 dumtaxat
670 985 735 1039 ersi
755 978 876 1047 Cantor,
901 998 957 1039 uon
974 980 1034 1041 dno
1087 1000 1089 1005 ·
1184 964 1188 971 ¹

71 1058 235 1131 Cometes,
259 1065 294 1120 ut
315 1066 443 1123 testatur
458 1060 591 1121 isidorus
611 1059 683 1139 Cap.
698 1058 770 1121 Vlll
793 1061 828 1119 dc
844 1063 963 1121 Divinis
983 1058 1035 1139 Os-

71 1141 165 1222 ficiis.
198 1142 312 1201 Romae
333 1143 455 1220 vigebat
486 1144 534 1204 bic
555 1143 632 1205 ritus
654 1144 744 1203 etiam
768 1143 889 1203 saeculo
912 1142 976 1213 IX,
991 1149 1038 1205 nt'

73 1242 157 1287 unus
178 1225 292 1286 seilicet
313 1223 424 1285 Cantor
439 1223 682 1301 Respeusorium.
697 1229 841 1295 cantaret,
864 1230 895 1285 et
919 1225 974 1283 boc
989 1229 1034 1285 tc-

71 1310 175 1369 statur
189 1304 364 1367 Amalarius
387 1306 421 1365 dc
452 1303 568 1367 Ordine
592 1304 807 1385 Autipltouurii
836 1305 907 1383 Cap.
932 1304 1034 1365 xviii

72 1394 107 1451 et
128 1388 217 1453 stibi.
234 1384 398 1449 Posteriori
419 1406 496 1450 aevo
510 1388 665 1449 Cantores·
682 1388 743 1449 duo
766 1388 795 1447 iu
809 1385 955 1449 ·Ecciesia
977 1388 1036 1447 llo·
1132 1424 1134 1429 -

73 1486 167 1531 mana
189 1468 425 1546 Respousorium
447 1470 600 1551 Grnduale
621 1470 772 1531 modulari
793 1474 978 1548 coeperunt,
1001 1472 1036 1529 ut

72 1553 105 1611 in
121 1550 338 1613 caeremoniali
354 1552 507 1613 benedicti
522 1551 664 1614 Canonici
686 1552 827 1613 habetur.
852 1552 936 1613 iliius
952 1566 1034 1628 prae·

66 1650 147 1695 scus
168 1633 293 1707 canendi
313 1634 393 1695 dicta
408 1634 611 1712 Responsoria
632 1636 734 1695 varius
756 1631 907 1711 cstjuxta
929 1632 1036 1695 Eccle-

74 1714 191 1775 siarum
214 1716 363 1775 variarum
386 1718 617 1777 consuetudines
637 1722 670 1777 ct
689 1714 909 1794 dispositiones.

119 1795 159 1857 V.
182 1794 317 1874 Capitula
339 1799 500 1876 dequibus
522 1800 581 1861 hcc
598 1800 663 1859 loco
680 1802 725 1857 est
746 1814 857 1865 sermo,
878 1801 949 1857 suut
965 1797 1033 1857 bre*-

74 1896 129 1941 ues
143 1880 292 1956 quaedam
314 1878 470 1941 Lectiones
491 1899 509 1943 e
533 1899 617 1943 sacra
646 1878 801 1954 Scriptura
824 1878 1030 1954 depromptae,
1093 1930 1095 1935 .

74 1978 155 2037 quae
179 1960 318 2023 dicuntur
332 1963 371 2022 ad
382 1959 481 2023 Horas
495 1963 680 2032 canonicos,
705 1959 864 2035 aliquando
880 1964 948 2019 ante
964 1957 1032 2037 Hy·-

78 2057 209 2113 mnum,
232 2047 268 2105 nt
288 2044 324 2103 ad
341 2044 457 2106 Laudes
478 2049 509 2107 et
529 2046 689 2122 Vesperies.
713 2040 870 2116 aliquando
888 2045 953 2116 post
966 2038 1033 2118 Hy·

78 2140 199 2194 mnum,
223 2131 256 2185 ut
276 2126 313 2185 ad
335 2124 596 2205 Compietorium,
620 2122 779 2201 aliquando
801 2122 887 2181 dietis
909 2120 1033 2181 Psalmis

77 2222 148 2265 cum
161 2207 344 2283 Antiphone,
360 2213 394 2269 nt
409 2209 444 2268 nd
462 2208 593 2285 reliquas
607 2203 708 2267 Heras
723 2201 962 2265 minores.Hacc
977 2202 1033 2263 Ca·

76 2286 170 2366 pitule
193 2287 369 2366 lladulpbus
391 2287 538 2370 Proposit.
554 2288 593 2347 13
612 2284 821 2347 lectiunculas
837 2284 968 2361 appellat
982 2284 1035 2343 ob·

79 2376 220 2431 servante
241 2370 400 2439 (lavante,
420 2369 456 2431 S.
479 2388 553 2431 vero
575 2370 755 2431 Benedictus
776 2382 897 2442 semper
919 2365 1035 2426 Lectio·

78 2468 132 2511 nes
152 2451 252 2521 vocat,
276 2471 352 2529 qrras
376 2455 551 2520 memoriter
575 2451 744 2512 recitandas
765 2466 831 2509 esse
855 2448 1033 2525 praescribit
1055 2444 1080 2477 '

78 2532 150 2610 Cap.
166 2533 242 2595 Xlll
264 2541 295 2595 et
316 2532 408 2594 xvrt
429 2533 562 2613 Regulae
577 2550 661 2602 suae,
686 2532 765 2607 quud
788 2530 909 2607 quidem
932 2528 962 2589 S.
978 2527 1036 2589 Be·

80 2614 186 2675 ucdioti
210 2617 427 2693 praescriptum
461 2635 518 2676 uon
540 2617 631 2676 aliam
654 2615 746 2675 habet
766 2630 888 2673 cansam
913 2616 1034 2689 praeter

80 2695 258 2757 brevitatem
282 2698 375 2774 ipsam
397 2696 586 2759 Lectionum.
610 2698 689 2759 Ante
711 2692 847 2770 Capilnla
871 2708 928 2753 uon
958 2691 1034 2767 peli—
1102 2736 1104 2741 -

81 2782 131 2839 tur
146 2777 325 2850 benedictio,
349 2779 430 2854 qma,
448 2785 523 2841 teste
545 2779 700 2841 Amalario
715 2776 782 2837 Lib.
798 2774 839 2836 IV
862 2772 934 2851 Cap.
952 2771 981 2841 3,
1000 2776 1035 2833 ul

82 2857 243 2937 plurimum
259 2861 316 2920 bas
330 2860 487 2921 Lectiones
509 2863 579 2939 legit
602 2858 757 2938 Superior,
775 2858 826 2933 qni
841 2856 908 2917 lesu
922 2851 1032 2915 Christi

81 2940 176 3000 ricem
199 2944 286 3017 gerit.
310 2942 428 3003 Siamus
443 2944 480 3003 ad
496 2941 641 3021 Capitula,
657 2958 714 3000 nou
730 2938 881 3006 sedemus,
894 2936 981 2996 sicuti
998 2934 1037 2995 ad

81 3020 238 3083 Leotimes
253 3023 404 3093 Matutiui;
419 3030 482 3085 tum
497 3026 569 3100 quia
583 3024 690 3083 breves
704 3027 774 3081 suni
784 3018 953 3089 Lectiones,
968 3022 1034 3079 tum

79 3105 159 3180 quia.
175 3109 272 3168 eunte
287 3104 414 3183 majore,
429 3107 481 3183 qui
495 3103 632 3184 Capitula
647 3105 729 3181 legit,
742 3103 782 3162 ob
796 3099 932 3179 ejusdem
949 3116 1036 3159 reve·

81 3186 205 3247 rentiam
222 3194 303 3248 stare
325 3188 435 3249 debent
448 3189 511 3254 alii,
530 3191 562 3247 ut
583 3186 623 3246 de
640 3184 725 3246 Nona
740 3183 880 3243 Lectione
902 3181 939 3241 ab
962 3178 1034 3257 Epi·

81 3270 167 3344 scopo
179 3269 295 3329 lecta'iu
307 3268 405 3331 Natali
418 3268 537 3331 Domini
549 3266 760 3346 praescribitur
773 3267 802 3325 iu
813 3263 1036 3326 carimoniae·

83 3344 295 3428 prcoporum
311 3350 377 3411 Lib.
391 3349 420 3411 ll
434 3349 507 3427 Cap.
521 3349 551 3411 5.
565 3346 736 3426 Capitulum
753 3346 872 3407 Tertiae
895 3347 922 3407 iu
938 3342 1035 3409 Festis

84 3431 170 3502 idem,
194 3439 230 3493 ut
249 3431 425 3511 plurimum,
449 3428 685 3508 cnmCapitnlo
708 3428 844 3489 Laudum
867 3433 897 3489 et
916 3428 1035 3504 Vcspe·
1098 3449 1101 3455 ·

83 3528 193 3575 rerum.
217 3513 335 3575 Laudes
356 3514 503 3575 etTertin
531 3517 601 3573 sunt
619 3509 724 3573 Horae
752 3509 934 3572 nobiliores.
949 3508 1035 3569 Sumi

82 3611 155 3656 rere
173 3595 285 3658 debent
310 3614 349 3657 ex
369 3614 454 3659 sacra
482 3594 651 3672 Scriptura.
683 3591 719 3653 in
749 3588 808 3655 fine
835 3610 894 3655 nen
922 3590 1033 3653 dicitur
