2567 4042
434 209 702 280 ἣιθῦκυ

93 345 211 402 omnium
233 339 379 398 bonorum
402 339 488 398 dator
509 341 579 408 est,
610 336 676 397 lieri
699 336 787 397 dehet
814 353 953 397 accessus
975 357 1027 416 per

36 448 41 460 ·
93 426 211 500 publicas
232 439 356 500 preces,
378 425 410 480 et
430 419 694 498 supplicationem,
719 437 771 480 seu
793 417 1026 482 Processionem

93 505 274 567 consuevisse
299 502 371 562 olim
404 503 452 562 vet
484 503 588 579 primis
609 499 720 562 Christi
754 502 881 562 saeculis
913 509 1030 564 sanctos

91 586 239 664 Episcopos
260 584 352 644 variis
372 585 416 644 uti
438 584 577 660 precibus
603 584 640 644 ad
663 583 858 644 coercendam
886 584 1030 645 inundan-

93 672 152 729 tiam
171 667 315 729 imbrium
336 671 368 726 et
388 664 570 736 lluminum,
595 663 703 726 docent
723 683 777 726 nos
791 667 913 741 antiqua
928 684 1031 727 exem-

91 751 144 828 pla,
165 769 244 828 quae
265 749 295 808 iu
317 754 494 807 sanctorum
511 749 730 826 Episcopornm
753 747 831 808 Vitis
853 753 1025 810 occurrunt.

91 832 200 894 Praeter
223 848 351 910 preces,
373 828 440 889 lieri
461 828 551 889 etiam
574 830 765 891 consuevisse
792 823 863 889 olim
896 831 1030 926 publicas

90 914 307 981 Processiones‚
326 910 633 990 supplicationesque,
651 911 833 1008 depellendis
848 913 947 974 nimiis
962 914 1029 991 plu-

88 998 155 1068 viis,
178 1002 211 1057 et
230 995 311 1057 aeris
330 993 483 1054 serenitati
505 994 781 1070 recuperandae,
774 996 939 1056 innumeris
961 1013 1030 1073 pro-

89 1079 143 1138 tari
162 1078 266 1155 'posset
287 1077 453 1152 epenrpiis,
476 1082 675 1152 veterumque
692 1075 877 1154 Scriptorum
895 1079 1028 1138 testimo-

89 1162 147 1220 niis.
171 1159 278 1220 Sancta
300 1156 397 1217 Mater
418 1156 553 1218 Ecclesia
575 1159 675 1234 itaque
697 1159 825 1218 instituit
858 1161 934 1219 hanc
957 1157 1030 1218 Pro·

88 1245 241 1304 cessionem
263 1244 300 1302 de
321 1256 406 1300 more
427 1241 554 1300 aliarum
570 1237 831 1301 Poenitentialium
848 1242 1026 1311 faciendam,

90 1329 119 1383 ut
136 1325 191 1384 hoc
213 1330 300 1403 pacto
322 1319 455 1381 fideles
447 1339 522 1381 iram
537 1321 591 1380 Dei
613 1327 807 1388 averterent,
831 1327 862 1382 et
882 1327 961 1385 aeris
982 1339 1029 1384 se·

88 1407 237 1468 cecitatem
260 1409 466 1481 impetrarent.
490 1401 529 1463 Ut
549 1420 621 1480 ergo
642 1404 692 1464 hic
714 1403 781 1464 de
775 1405 810 1463 iis
831 1404 1032 1466 Processioni-

88 1487 156 1556 lius,
181 1487 509 1565 Supplimtioniiiusque
531 1484 732 1556 disseramus,
756 1503 834 1562 quae
850 1486 1031 1564 depellendis

88 1571 179 1629 nimiis
201 1570 330 1647 pluviis,
353 1568 590 1643 obtinendaeque
612 1572 730 1646 optatae
759 1569 910 1636 serenitati
942 1586 1030 1646 pera-

88 1657 212 1726 guntur,
234 1651 299 1728 jam
321 1649 394 1725 illud
424 1666 603 1718 monemus,
627 1651 814 1712 sollicitiores
846 1650 937 1712 luisse
958 1669 1030 1728 prae

87 1735 207 1792 caeteris
228 1733 379 1793 Romanos
400 1728 557 1792 Pontifices
584 1732 620 1791 ad
643 1749 693 1792 eas
723 1731 892 1793 indicandas
914 1736 1030 1808 riteque

87 1815 284 1876 celebrandas.
308 1812 411 1889 Neque
434 1831 507 1874 vero
540 1814 646 1891 priscis
677 1821 793 1876 tantum
822 1816 947 1878 saeculis
975 1816 1031 1891 ipsi

88 1897 205 1956 Romani
227 1893 384 1956 Pontifices
406 1896 549 1970 pellendis
570 1896 669 1955 nimiis
700 1897 807 1974 pluviis
835 1897 1031 1974 supplicatio-

87 1995 137 2036 nes
167 1979 368 2040 instituerunt.
398 1975 509 2055 Elapso
536 1977 678 2046 saeculo,
711 1985 743 2038 ut
770 1977 844 2037 alios
872 1981 1029 2050 omittam,

85 2058 196 2119 Summi
218 2056 376 2120 Pontifices
396 2076 453 2117 non
476 2061 539 2119 sine
561 2060 657 2136 elogio
687 2059 882 2130 nominandi,
905 2061 1031 2122 Benedi-

85 2145 150 2200 ctus
169 2141 243 2202 xiil
266 2148 297 2205 ct
311 2141 490 2202 Benedictus
505 2140 592 2214 XIV,
610 2142 647 2201 ad
670 2141 875 2218 postulandam
891 2143 969 2202 aeris
984 2161 1029 2203 se-

86 2223 260 2292 renitatem,
283 2226 361 2301 ipsas
376 2221 612 2300 supplicationes
634 2223 835 2293 celebrarunt,
853 2243 966 2284 summa
984 2239 1032 2284 re-

88 2304 211 2383 ligione,
235 2323 270 2365 ac
294 2307 408 2382 pietate
424 2305 610 2366 admirabili,
624 2304 850 2366 Advertendum
866 2310 912 2366 est
927 2307 956 2365 in
972 2305 1028 2366 hac

87 2383 274 2449 Processione
296 2386 452 2456 iacienda,
475 2389 637 2463 quodcum
661 2388 842 2466 plerumque
863 2387 916 2447 liat
931 2389 1032 2464 pluvio

88 2474 240 2548 tempore,
263 2469 419 2547 prudentis
439 2470 583 2545 magistri
594 2486 749 2530 sacrarum
763 2470 1029 2531 Caeremoniarum

86 2552 140 2612 erit
160 2569 237 2612 onus
259 2550 425 2629 assignandi
448 2552 525 2609 viam
541 2551 709 2614 breviorem
732 2558 762 2612 et
783 2552 1029 2613 commodiorem.

84 2629 186 2708 quue
208 2633 305 2710 magis
325 2634 492 2694 erithreae
515 2633 572 2692 iter
593 2632 817 2710 assignandum,
835 2636 858 2693 si
875 2633 1048 2710 Reliquiae,

81 2713 261 2776 Sanctorum
283 2716 540 2792 processionaliter
561 2717 735 2776 alterantur.
753 2715 877 2776 Canitur
898 2717 1031 2794 psalmus

79 2798 286 2876 engelscus
313 2805 436 2865 sextus,
460 2798 489 2856 in
511 2814 569 2873 quo
590 2798 766 2876 imploratur
794 2798 891 2857 divina
915 2797 1032 2858 miseri-

84 2881 196 2948 cordia,
220 2877 379 2940 confitetur
399 2879 531 2938 divinam
553 2880 727 2947 bonitatem,
744 2883 774 2940 et
798 2879 904 2940 ustam
926 2897 1031 2958 pecca-

84 2965 182 3022 torum
204 2966 374 3021 nostrorum
392 2961 586 3038 punitionem.
603 2961 660 3022 Per
677 2961 748 3021 illud
768 2899 804 3020 1)
805 2979 861 3021 rra
876 2961 1021 3040 doditt‘ru

85 3050 163 3102 ctum
185 3061 286 3104 suum:
306 3045 407 3120 aliquo
429 3043 517 3102 modo
538 3045 693 3112 innuitur,
716 3048 750 3103 ut
770 3049 883 3104 cessata
904 3045 1029 3122 pluvia,

87 3125 165 3184 terra
195 3127 368 3202 germinet,
392 3130 423 3183 et
442 3125 558 3186 tructus
580 3129 737 3185 consuetos
757 3125 903 3203 producat
927 3123 1031 3186 Versi-

88 3204 167 3275 culi,
195 3225 247 3268 seu
274 3204 434 3268 Processu
457 3204 516 3266 line
541 3209 674 3281 positae,
701 3223 739 3267 ex
765 3205 856 3268 Sacra
878 3205 1032 3286 Scriptura

88 3283 258 3366 desunrptao
281 3293 371 3354 sunt,
394 3291 425 3347 et
448 3289 624 3380 praesertim
645 3307 682 3348 ex
703 3285 834 3356 Genesi,
857 3289 907 3349 ubi
929 3289 965 3350 de
980 3288 1032 3350 lli-

89 3362 168 3429 luvio
188 3370 348 3431 universali
370 3365 469 3431 sermo
491 3368 535 3432 tit
558 3368 716 3431 Orationes
732 3387 788 3443 ex
787 3369 907 3433 Missali
923 3367 1032 3478 Roma·

88 3463 125 3505 no
140 3453 337 3531 transcriptae
352 3457 431 3512 sunt.
