2567 4042
570 203 795 275 -25p188tee

219 349 288 394 eum
311 334 408 393 Cruce
431 331 585 410 Evangelii
600 330 752 396 Codicem.
770 332 857 405 Quod
880 339 980 394 autem
998 333 1112 394 binario
1126 349 1176 392 or·

219 414 288 474 dine
310 413 525 473 incendendum
548 414 597 481 sit,
622 416 698 476 ritus
722 412 808 492 plane
830 416 972 490 antiquus
994 423 1041 474 est
1060 415 1098 474 ab
1119 411 1177 474 Ee·

219 495 311 556 clesia
335 495 557 571 praescriptus,
580 496 669 575 cujus
686 498 832 557 rationem
849 498 939 556 tradit
957 496 988 556 S.
1006 496 1178 556 bernardus

220 579 249 636 in
265 575 422 638 Sermone:
437 576 481 636 De
496 575 710 656 Purificatiane
726 576 837 639 Bootae
856 578 998 656 Virginis,
1016 578 1066 638 ubi
1080 579 1123 638 sic
1139 579 1180 638 iu-

220 659 305 735 quit:
330 656 440 718 Merito
461 658 525 718 bini
546 669 574 717 et
595 660 658 719 bini
672 658 839 720 incedimus
853 679 862 726 ,·
878 661 919 718 sic
937 663 1023 736 ,enirn
1052 660 1085 718 ob
1101 678 1179 718 com·

220 738 436 800 mandationem
456 739 614 816 fraternae
637 741 807 801 eharitatis.
831 739 1067 819 Theophilaetus
1082 741 1120 802 ad
1135 741 1179 800 lo·

221 839 290 902 curn
313 819 414 881 Lucae
435 817 508 898 Cap.
531 820 563 880 X
584 822 635 882 ubi
659 822 768 882 dicitur
789 818 927 884 Christus
942 824 1058 903 misisse
1080 822 1179 883 Disci-

218 903 302 979 pulos
324 919 390 960 suos
412 902 493 960 binae
525 903 559 960 in
590 921 705 962 omnem
730 901 892 966 Civitatem
925 914 953 964 et
979 905 1095 974 locum,
1121 919 1181 981 quo
1230 905 1233 910 '

221 990 285 1042 erat
304 985 366 1061 ipse
389 993 543 1051 uenturus,
567 979 738 1061 sicinquit:
763 983 837 1044 Bini
851 985 1023 1054 incedimus,
1048 992 1082 1044 ut
1103 986 1181 1044 alter

221 1064 313 1123 alteri
334 1066 373 1123 sit
393 1065 532 1132 caecilio,
556 1066 674 1134 solatio,
698 1068 840 1135 sti-mulo,
871 1076 898 1127 et
923 1066 1121 1128 encitamento
1142 1063 1183 1127 ad

222 1147 357 1205 uirtutes.
380 1145 468 1205 Ratio
490 1145 549 1213 alia
572 1145 716 1208 naturalis
738 1153 802 1214 est,
828 1151 861 1207 ut
883 1148 912 1207 in
941 1148 1122 1225 psallendo,
1147 1151 1178 1208 et

223 1225 426 1288 orandorum
451 1228 641 1305 praescriptis
664 1227 805 1304 precibus
838 1231 966 1306 quisque
999 1229 1112 1290 habeat
1133 1245 1180 1288 so-

223 1308 304 1368 cium
327 1326 439 1377 suurn,
463 1311 514 1386 qui
536 1310 732 1388 psalmodiam
756 1311 904 1378 alternet,
928 1315 960 1370 et
981 1311 1037 1383 sibi
1057 1327 1180 1388 respon-

167 1412 172 1428 2
223 1389 302 1448 deal.
604 1428 608 1434 -
801 1411 804 1418 ·

265 1468 322 1529 Vl.
345 1468 430 1541 Quod
452 1473 490 1533 ad
518 1473 651 1533 colorem
684 1476 931 1549 paramentorum
949 1478 1100 1550 spectat,
1125 1473 1185 1534 erit

224 1551 403 1628 regulariter
425 1555 533 1613 eoloris
554 1554 759 1614 convenientis
781 1555 987 1624 Processioni,
1013 1555 1182 1632 mysterio,

225 1640 278 1694 aut
299 1632 398 1701 testo,
421 1642 474 1696 aut
495 1635 732 1702 necessitatibus.
756 1637 786 1696 Si
809 1635 862 1695 liat
882 1633 1039 1696 Processio
1054 1633 1104 1696 SS,
1129 1634 1182 1694 Sa·

226 1714 383 1784 crementi,
407 1713 489 1774 color
510 1717 597 1776 albus
618 1716 791 1777 adhibetur.
817 1715 847 1778 st
870 1716 942 1778 item
965 1715 1017 1776 fiat
1039 1734 1094 1793 pro
1116 1733 1185 1792 gra·

226 1797 339 1855 tiarum
361 1796 499 1865 actione,
524 1796 705 1875 regulariter
728 1799 835 1868 albus,
861 1799 916 1858 nisi
938 1797 1090 1858 deseratur
1115 1799 1185 1858 insi·

225 1877 291 1955 guis
312 1875 449 1952 Reliquia
471 1877 506 1939 ad
530 1879 558 1938 id
582 1876 684 1950 lacta,
710 1897 787 1955 quae
809 1881 899 1940 alium
923 1880 1066 1949 colorem,
1084 1881 1187 1956 requi·

225 1960 277 2018 rit.
302 1956 332 2019 Si
368 1973 423 2034 pro
445 1960 674 2022 necessitatibus
697 1959 769 2030 liat,
795 1965 829 2020 ut
870 1968 1005 2037 tempore
1027 1959 1184 2034 lubilaei,

224 2039 337 2110 lamis,
361 2041 476 2116 pestis,
501 2046 575 2109 ete,
599 2049 775 2116 paramenta
802 2042 952 2102 violacea.
969 2041 1182 2103 adhibeantur.

225 2121 310 2182 ldem
333 2121 492 2184 adhibetur
524 2124 553 2182 in
586 2121 710 2191 Litaniis
738 2121 925 2201 majoribus,
950 2128 981 2184 et
1002 2117 1182 2184 minoribus.

226 2200 301 2263 Esse
322 2203 479 2278 antiquum
502 2206 616 2271 ritum,
640 2211 674 2266 ut
703 2221 804 2265 sacrae
818 2201 1028 2272 processiones
1053 2203 1186 2282 Hymnu-

230 2303 320 2351 rum,
345 2283 552 2352 haimarum,
569 2285 761 2361 aliorumque
777 2285 971 2346 Canticorum
987 2282 1186 2362 spiritualium

232 2365 441 2425 decantatione
464 2373 701 2443 peragerentur,
726 2366 890 2430 innumeris
922 2366 1008 2443 plane
1043 2363 1190 2444 exemplis

168 2495 175 2506 .
229 2446 351 2522 probari
373 2455 485 2522 posset.
510 2447 629 2507 Debent
662 2449 776 2506 cantari
806 2449 835 2506 in
857 2446 1100 2508 Processionibus
1132 2463 1187 2524 pro

226 2529 406 2588 necessitate
427 2526 581 2597 Limnias,
606 2534 661 2588 aut
682 2526 792 2590 Psalmi
825 2527 875 2588 lini
897 2525 1098 2590 Processionis
1120 2545 1188 2588 con·

227 2610 393 2675 venientes,
412 2615 445 2670 ut
459 2611 490 2668 in
512 2609 623 2670 llituali
639 2608 786 2670 Romano.
804 2607 949 2672 Centoras
971 2612 1000 2671 in
1023 2609 1123 2670 medio
1140 2628 1188 2672 re·

228 2689 375 2769 gulariter
396 2691 559 2766 procedere
581 2690 712 2759 debent,
737 2696 771 2751 ut
792 2691 830 2751 ab
851 2693 990 2753 omnibus
1012 2691 1186 2758 audiantur,

227 2771 338 2846 reliqui
358 2788 432 2832 vero
454 2790 561 2835 omnes
585 2774 676 2839 simul
698 2771 751 2832 vel.
769 2772 1007 2850 respondebunt,
1029 2773 1076 2834 rel
1099 2773 1125 2832 si
1146 2789 1189 2834 so

229 2853 369 2914 lemniter
391 2859 547 2921 cantatur,
564 2854 670 2914 eadem
687 2853 848 2930 repetendo
875 2855 989 2932 pariter
1014 2854 1186 2916 cantabunt.

228 2934 417 3012 Episcopus,
442 2935 488 2995 vel
502 2935 590 3000 ,alius
612 2933 770 2996 Praelatus
785 2935 957 2996 immediate
979 2938 1118 3014 sequitur
1140 2951 1189 2994 ce·

229 3015 397 3076 lebrantem
412 3057 420 3085 ,
436 3016 629 3095 Magistratus
641 3013 769 3096 postea,
787 3017 865 3078 inter
879 3034 954 3092 quos
969 3016 1085 3095 dignior
1102 3033 1190 3094 pree·

230 3097 321 3158 cedit.
357 3094 481 3158 Fratres
513 3103 641 3164 autem,
672 3097 874 3174 Monacbique
904 3098 1043 3160 habitum
1073 3102 1192 3176 gestent

227 3195 301 3240 suae
324 3177 510 3255 Religionis3
534 3172 644 3240 (teitu
667 3179 913 3257 superpelliceis,
937 3178 985 3250 vel
1009 3181 1075 3240 aliis
1095 3181 1190 3242 saeris

226 3260 360 3320 vestibus
381 3261 493 3322 debent
520 3277 587 3321 esse
611 3260 729 3330 induti,
754 3265 788 3321 ut
804 3259 917 3322 docent
941 3263 1053 3338 passim
1067 3259 1188 3324 -Sacrae

227 3339 362 3418 synodi,
385 3359 421 3402 aa
443 3343 622 3419 praesertim
646 3342 879 3410 Mediolanensis
900 3338 1001 3403 Prima
1017 3342 1189 3406 Provincia·

228 3422 276 3491 lis,
300 3421 404 3498 Capite
426 3423 470 3484 De
492 3420 754 3491 Praecrnonibus,
778 3429 805 3481 et
829 3419 1113 3504 supplicationibus.
1128 3423 1188 3486 Cu·

230 3502 358 3564 randum
385 3505 510 3581 insuper
531 3511 578 3564 est
610 3504 682 3564 illud
706 3505 922 3582 summopere,
947 3512 981 3566 ut
1007 3511 1125 3569 remoto
1147 3506 1185 3568 ti·

227 3599 288 3654 su,
312 3590 478 3662 mutuoque
500 3585 670 3662 colloquio,
691 3592 726 3660 et
746 3602 824 3646 vano
846 3588 1003 3649 oculorum
1037 3593 1183 3664 aspectu,
