2567 4042
613 187 816 261 ‘nimm-

237 318 371 379 llubrica
393 316 525 378 ordinari
548 323 714 394 nequeunt.
737 315 840 375 Primo
865 312 989 372 rationis
1007 330 1066 373 usu
1090 328 1187 375 carens

236 401 276 461 ab
297 400 410 461 Altaria
431 399 599 461 ministerio
621 414 744 476 semper
764 392 947 457 excluditur.
971 392 1183 472 Quapropter,

236 482 262 542 si
284 482 333 542 vel
355 482 516 561 epiplesiae
539 481 671 549 morbo,
699 478 748 540 vel
774 473 921 536 diabolica
953 477 1113 537 vexatione
1135 488 1189 555 qua

238 564 392 643 agitantur
414 562 632 642 Energumeni,
649 560 773 621 rationis
795 555 930 619 subsidio
953 558 1020 634 quis
1041 560 1186 636 privetur,

236 645 332 707 sacris
353 644 509 707 Altaribus
531 645 703 705 ministrare
727 641 855 718 nequit,
879 645 912 698 et
932 638 1188 716 suscipiendorum

234 724 388 788 Ordinum
410 744 534 804 prorsus
554 726 682 805 incapax
704 722 851 783 redditur.
875 718 1014 780 Secundo
1045 722 1085 780 ab
1107 720 1188 805 Ordi-

235 808 408 869 'nationibus
429 806 631 869 excluduntur
653 804 824 881 homicidae
845 803 896 879 qui
919 802 1024 870 lacto,
1048 804 1097 862 vel
1114 822 1189 883 prae-

237 896 348 967 cepto,
371 890 512 959 consilio,
535 888 758 955 adhortatione,
782 883 906 951 auritio,
930 887 966 942 ut
986 884 1102 959 liquido
1124 904 1188 947 con·
1232 909 1257 967 g

237 974 298 1032 stat
329 988 366 1031 ex
387 970 554 1032 innumeris
580 986 657 1049 pene
679 966 849 1030 Canonibus
871 982 906 1023 ac
928 962 1107 1026 Pontificum
1130 967 1188 1029 lla·
1255 992 1256 1023 ;

238 1052 390 1113 rimorum
413 1050 528 1123 Bullis,
557 1050 623 1113 tuse
652 1050 749 1111 allatis
777 1066 795 1108 a
816 1045 979 1122 Theologis
1005 1051 1038 1106 et
1064 1044 1187 1110 Canoni-

238 1133 319 1202 stis,
348 1133 401 1193 ubi
423 1138 516 1211 agunt
536 1131 574 1192 de
595 1134 660 1210 ipsa
682 1129 914 1209 irregularitate.
937 1126 1059 1195 Tertio,
1088 1131 1189 1207 quill
1254 1177 1255 1199 ,

236 1214 389 1292 legitimos
409 1214 525 1275 natales
552 1214 678 1276 sortitus
700 1219 769 1281 cst,
792 1228 830 1272 ex
852 1208 891 1269 Sa
947 1226 1015 1270 rum
1037 1207 1187 1274 Canopum

238 1295 305 1373 lege
328 1294 542 1375 irregularitati
562 1294 711 1373 subjacet3
735 1295 776 1354 ita
798 1297 831 1351 ut
852 1308 908 1352 nec
930 1289 1084 1353 Ecclesiae
1106 1292 1189 1355 Ordi·
1259 1342 1260 1345 .

233 1377 327 1438 ‘nibus
359 1378 496 1449 initiari,
526 1394 582 1436 nec
603 1375 700 1439 ullum
728 1373 979 1435 Ecclesiasticum
1007 1373 1188 1437 Beneficium

237 1460 381 1537 consequi
398 1461 502 1538 possit.
519 1456 714 1535 Quapropter
729 1454 947 1533 dispensatione
977 1456 1032 1531 ipsi
1055 1474 1134 1533 opus
1148 1462 1188 1519 est
1259 1502 1260 1509 .

237 1542 277 1601 ad
299 1539 428 1601 Ordines
449 1556 547 1615 aeque
574 1556 609 1599 ac
631 1540 669 1600 ad
690 1536 840 1599 Beneficia
867 1536 1038 1597 obtinenda.
1063 1536 1145 1607 Sed,
1164 1542 1188 1599 si

237 1621 276 1680 dc
296 1620 463 1682 Minoribus
484 1620 648 1681 Ordinibus
670 1623 787 1697 agatur,
811 1615 980 1696 Episcopus
1002 1625 1104 1697 potest
1124 1638 1188 1698 pro·
1259 1652 1260 1675 1

236 1702 301 1779 pria
323 1704 499 1763 auctoritate
531 1719 601 1762 cum
623 1700 998 1779 illegitimo-dispensare.
1023 1698 1062 1762 Ut
1090 1708 1187 1762 autem
1259 1720 1260 1757 3

238 1782 414 1861 illegitimus
428 1781 556 1845 Ordines
567 1780 697 1860 Maiores
713 1782 856 1851 obtineat,
873 1780 966 1841 solius
978 1781 1105 1841 Romani
1120 1783 1188 1843 Pon·
1259 1817 1260 1838 t

234 1862 325 1926 tiliois
346 1865 567 1941 dispensatione
589 1862 656 1935 lieri
677 1868 786 1943 potest.
809 1860 895 1922 llaec
918 1861 1005 1940 plane
1038 1868 1085 1924 est
1106 1864 1188 1926 disci-

234 1945 315 2025 plina
337 1964 414 2024 quae
437 1965 514 2007 nunc
536 1947 681 2024 temporis
703 1946 841 2014 obtinet3
866 1945 917 2004 sed
945 1943 1001 2004 alia
1028 1946 1095 2006 aliis
1118 1953 1188 2007 tern-

233 2029 363 2105 poribus
385 2029 548 2089 obtinuisse
569 2028 766 2106 dignoscitur.
790 2023 879 2087 Certe
906 2026 936 2085 in
958 2026 1064 2103 priscis
1085 2024 1187 2089 Conci·

235 2108 348 2172 liorum
363 2108 552 2179 Canonibus,
569 2114 623 2169 aut
642 2107 821 2169 Pontificum
838 2105 975 2168 Decretis
995 2126 1054 2169 non
1070 2109 1186 2187 legitur,
1254 2108 1255 2151 ἶ

235 2190 408 2269 illegitimos
429 2191 467 2255 ab
488 2189 645 2250 ordinibus
667 2188 760 2250 tuisse
782 2190 930 2257 exclusos,
960 2190 1050 2250 modo
1072 2198 1187 2253 ceterae

107 2307 112 2320 ι
234 2272 333 2336 dotes¹
353 2274 381 2332 io
404 2271 568 2333 Sacerdote
589 2270 753 2347 requisitae
784 2287 842 2330 non
864 2270 1014 2331 deessent.
1038 2268 1129 2335 Haud
1150 2274 1187 2335 ita

232 2353 333 2415 facile.
346 2357 393 2413 est
413 2357 544 2413 statuere
566 2359 775 2429 tempusque
797 2352 928 2429 primum
957 2351 1078 2414 inducta
1099 2361 1130 2416 et
1143 2372 1188 2415 re·

235 2440 324 2510 cepta
346 2433 438 2494 luerit
459 2433 616 2511 disciplina
637 2433 803 2509 repellendi
835 2433 873 2493 ab
899 2432 1053 2494 ordinibus
1074 2435 1189 2515 illegiti-

233 2532 303 2577 mos
324 2514 363 2573 ob
383 2517 479 2576 solam
495 2515 638 2576 natalium
655 2515 819 2574 maculam.
835 2513 961 2587 Quarto.
978 2514 1122 2594 Bigamus
1137 2519 1186 2592 qui
1258 2548 1259 2555 .

234 2599 304 2675 post
323 2612 439 2667 unam,
468 2595 559 2656 aliam
581 2596 704 2656 duxerit
729 2612 883 2665 uxorem,
906 2596 1045 2656 inhabilis
1073 2600 1110 2658 ad
1133 2594 1187 2657 Ec-

234 2676 419 2738 clesiasticos
440 2675 569 2738 Ordines
584 2676 766 2737 declaratur.
784 2675 909 2750 Quinto.
922 2676 1068 2739 Notabilis
1082 2683 1114 2739 et
1128 2682 1187 2742 ovi-

233 2759 310 2819 dens
333 2760 467 2836 corporis
490 2757 603 2827 laesio,
627 2775 699 2819 cum
721 2760 814 2819 sacris
837 2759 947 2819 officiat
968 2758 1184 2822 functionibus.

234 2840 451 2917 impedimento
472 2840 564 2899 etiam
585 2846 651 2910 est,
678 2842 839 2916 quominus
860 2842 959 2902 laesus
988 2841 1024 2900 ad
1046 2841 1188 2904 Sacerdo

232 2923 309 2984 tium
333 2919 492 2981 ascendere
520 2921 626 2999 possit.
651 2918 697 2981 De
724 2921 791 2982 attis
823 2921 1092 3001 irregularitatibus
1121 2942 1188 2985 con-

231 3004 299 3064 sule
320 3002 488 3077 Theologos
509 3008 541 3062 et
561 2997 748 3062 canonistas.

275 3082 321 3144 X.
344 3080 390 3143 Ex
412 3082 588 3161 disciplinae
608 3084 720 3143 veteris
741 3099 850 3151 more,
874 3085 1061 3162 quicumque
1083 3086 1189 3149 Eccle-

233 3165 362 3227 siasticis
384 3164 489 3224 ciliciis
518 3170 549 3225 et
568 3164 724 3224 ordinibus
747 3163 1188 3234 destinabatur,educationem

232 3246 390 3323 suscipere
405 3245 534 3306 debebat
555 3242 746 3305 inconvicto
777 3262 811 3304 ac
833 3248 926 3307 veluti
942 3246 1109 3310 Seminario
1123 3249 1188 3331 Epi-

231 3328 328 3404 scopi,
353 3325 404 3404 qui
425 3326 484 3386 hac
506 3328 623 3387 ratione
646 3325 683 3387 de
705 3327 784 3387 illius
807 3326 917 3398 indole,
936 3331 1081 3401 moribus,
1099 3348 1188 3393 roca·

232 3408 315 3469 tione
335 3412 365 3467 et
380 3424 540 3485 progressu
556 3406 668 3467 certior
680 3406 781 3467 tiebat.
794 3407 825 3468 S.
839 3407 1026 3487 Augustinus
1043 3412 1110 3473 Ser.
1125 3412 1187 3471 355

232 3485 750 3569 clit’dcdiocrsisnnmdopp.
768 3488 1187 3568 T.Vpart.2accol.1383

198 3642 201 3648 ¹
232 3570 272 3631 de
294 3585 326 3630 se
347 3569 413 3647 ipso
434 3568 475 3630 ita
496 3572 640 3631 testatur:
669 3568 756 3633 Certe
778 3588 827 3651 epo
848 3578 914 3633 sam
937 3576 990 3654 qui
1011 3582 1185 3646 statueram,
