2567 4042
464 154 688 226 stiffi&

147 284 192 344 11.
215 283 279 344 Una
301 289 416 344 tautum
438 281 519 344 me
548 291 593 346 est
625 285 765 363 erigenda
792 284 820 344 iu
853 284 1059 356 funeralibus,

101 367 189 445 quod
210 367 245 427 fit
265 365 430 426 devotionis
452 384 563 429 causa,
588 369 617 426 iu
641 368 817 427 memoriam
839 365 986 428 Passionis
1001 368 1061 428 Do·

101 450 181 508 mini
202 450 295 510 nostri
318 446 390 506 Jesu
410 444 518 507 Christi
541 447 706 518 Crucifixi‚
730 454 760 508 et
783 450 812 506 in
841 451 957 527 siguum
980 449 1060 525 quod
1116 441 1121 450 ’

104 533 203 592 homo
226 533 296 601 ifle,
320 530 423 606 quiin
447 530 553 589 funere
575 529 733 600 defertur,
757 537 897 591 mortuus
919 537 965 592 est
981 533 1011 590 in
1025 532 1060 592 si·

102 615 236 691 guaculo
258 609 376 674 Crucis.
399 609 483 672 Circa
506 630 595 688 quam
619 611 747 672 Crucem
771 613 884 674 multae
899 621 984 674 ortae
997 611 1060 689 jam

101 703 195 766 sunt,
218 701 250 756 et
269 695 298 752 in
320 694 384 753 dies
416 696 552 754 oriuntur
585 695 775 769 quaestiones
806 701 837 754 ct
867 696 1059 756 difficultates

101 779 143 838 ob
166 776 436 855 praeminentiam,
460 776 571 851 quibus
598 781 662 834 tum
684 773 844 847 CanoueS,
869 782 933 836 turn
956 777 1061 838 Sacra·

100 879 175 922 rum
198 857 467 936 Congiegationum
483 857 680 926 DecisioneS‚
707 864 770 918 tum
793 857 985 920 auctoritates
1001 858 1061 918 llo·

102 948 252 1009 ctornm‚
277 941 386 999 nedum
418 939 507 998 finem
531 941 686 1015 imponere
709 940 878 1002 valuerunt.
903 939 980 1001 Vide
1001 937 1061 999 Ca·

100 1033 252 1090 sautum,
278 1021 509 1098 Pignatellium,
532 1021 715 1091 Laconum,
734 1022 895 1082 Barbosam
910 1067 917 1090 ‚
934 1029 965 1082 et
982 1026 1061 1082 bna·

101 1105 230 1167 cletum.
254 1104 343 1163 Juxta
359 1104 473 1164 Bullarn
489 1102 606 1163 Summi
622 1103 773 1164 Pontificis
795 1103 946 1166 Benedicti
969 1103 1057 1172 xiil,

101 1207 184 1265 quae
206 1188 308 1264 incipit
330 1183 492 1254 Pretiosos,
507 1186 623 1246 sublata
644 1191 689 1247 est
705 1186 801 1246 omnis
822 1185 912 1264 jurgii
930 1187 1057 1257 occasio,

103 1290 177 1331 narn
201 1267 282 1329 Crux
307 1268 389 1326 valer
413 1271 526 1328 intrare
553 1273 617 1328 tuto
639 1279 670 1330 et
697 1269 841 1328 inoffenso
868 1269 943 1346 pede
971 1286 1060 1346 quas·

106 1370 244 1428 cumque
265 1348 427 1418 Ecclesiae,
443 1367 514 1409 cum
536 1347 615 1410 Crux
639 1352 677 1410 sit
699 1353 727 1409 in
745 1350 899 1410 funeribus
921 1352 1007 1410 unice
1023 1350 1062 1410 si·

104 1453 201 1511 gnum
224 1432 412 1494 Christianae
434 1431 622 1509 Religionis,
647 1451 703 1492 non
732 1449 805 1491 vero
827 1431 1056 1498 iurisdictionis.

105 1516 194 1576 llaec
220 1513 301 1573 Crux
334 1515 362 1571 in
392 1514 548 1574 funeribus
572 1533 629 1573 una
662 1523 728 1575 erat
755 1515 983 1582 tautummodo,
1007 1513 1059 1574 sed

106 1601 178 1674 post
199 1596 302 1656 Bullas
330 1593 497 1655 Pontificius
520 1601 559 1678 et
590 1595 718 1658 Decreta
741 1617 757 1656 a
780 1599 871 1656 sacris
894 1595 1061 1673 Congrega-

105 1679 240 1739 tionibus
261 1683 419 1746 emanata,
442 1681 672 1738 insurrexerunt
693 1681 809 1738 diversa
832 1679 987 1756 privilegia
1001 1679 1059 1739 ile·

107 1762 263 1838 gularibus
295 1766 324 1820 ct
344 1757 681 1829 *Confratemitatibum
715 1779 791 1838 quae
821 1761 911 1824 hodie
943 1762 1055 1822 faciunt

105 1846 141 1903 ut
163 1844 267 1920 plures
288 1840 399 1902 Cruces
421 1843 449 1899 in
472 1860 531 1901 uno
562 1841 668 1901 funere
697 1845 868 1904 associando
892 1847 1057 1904 eleventur.

107 1923 174 1984 Hoc
195 1941 290 1984 unum
313 1924 519 1984 tautummodo
542 1925 726 1999 usquemodo
743 1926 949 1985 inconcussum
968 1943 1059 1986 rema·

106 2014 178 2077 net,
203 2005 280 2082 quod
314 2005 341 2062 in
374 2005 584 2066 defunctorum
618 2006 813 2065 associatione
845 2008 869 2066 si
891 2004 1060 2082 Capitulum

106 2085 292 2149 Catbedrafis
313 2088 463 2148 Ecclesiae
495 2087 656 2155 invitetur,
679 2089 777 2164 ipsum
804 2092 924 2159 solum,
948 2091 979 2145 et
1000 2105 1056 2146 non

50 2242 54 2251 ι
107 2168 165 2228 alia
189 2167 336 2230 Parocbia
370 2169 467 2229 defert
487 2165 627 2228 Crucem.
652 2167 761 2228 Clerici
789 2188 909 2247 quoque
941 2168 1059 2230 deferre

105 2252 219 2312 debent
241 2269 349 2326 aquam
373 2251 559 2311 benedictam
582 2253 611 2308 in
633 2269 688 2311 suo
709 2269 801 2322 vase,
826 2259 859 2313 ut
880 2271 945 2313 eam
975 2249 1059 2309 adhi-

105 2330 180 2394 bere
203 2333 294 2412 possit
315 2331 468 2394 Parocbns
489 2349 557 2391 cum
580 2333 616 2390 ad
638 2333 762 2394 domum
791 2333 921 2394 defuncti
952 2349 1059 2409 pervc-

108 2417 199 2482 uerit‚
224 2412 352 2474 cadaver
374 2415 570 2492 aspergendo.
933 2485 935 2489 ¹

148 2496 204 2557 lll.
227 2496 327 2569 Quum
345 2515 418 2557 vere
439 2497 468 2555 iu
490 2497 667 2557 deductione
690 2497 803 2558 funeris
827 2501 938 2574 primas
960 2500 1060 2556 teneat

108 2576 273 2645 Parocbus,
287 2577 356 2637 iiiuc
378 2579 524 2655 estquod
547 2578 584 2636 ad
606 2597 675 2660 eum
699 2586 814 2656 spectat
828 2581 991 2641 declarare.
1005 2594 1059 2655 per

110 2677 201 2734 quam
215 2661 295 2718 viam
311 2662 349 2719 sit
364 2660 545 2720 deferendus
553 2659 722 2725 defunctus,
740 2661 908 2739 deciditque
925 2662 952 2720 id
969 2660 1059 2720 etiam

109 2740 200 2801 Sacra
223 2741 420 2819 Congregatio
443 2741 660 2819 Episcoporum
687 2749 718 2800 et
746 2740 950 2822 Regularium.
975 2739 1060 2801 Circa

109 2824 349 2898 praecedentiam
374 2825 400 2883 iu
424 2824 599 2885 funeribus,
624 2841 678 2899 per
700 2825 791 2884 verba
814 2827 862 2886 illa
881 2821 1060 2885 Praeceden-

111 2906 188 2966 tibus
202 2925 219 2965 a
234 2909 334 2965 nostro
345 2904 456 2965 Riluali
473 2908 644 2974 iudicatam,
660 2907 795 2966 standum
812 2915 855 2967 esi
873 2903 1062 2967 cousuetudi-

109 2987 151 3045 ui.
164 2985 374 3048 Praecedeotia
391 2987 419 3046 in
436 2986 541 3048 funere
552 3003 671 3063 semper
687 2989 781 3048 danda
797 2995 841 3051 est
852 2989 937 3050 Clero
949 2987 1061 3046 Saecu-

110 3065 167 3127 lari
189 3086 280 3143 snpra
302 3067 475 3145 Regulares,
491 3076 526 3130 ut
547 3069 682 3129 decrevit
703 3068 840 3132 Clemens
862 3069 931 3129 Vlll
955 3069 984 3127 in
1006 3084 1061 3126 sua

110 3147 196 3211 Bulla
211 3149 301 3210 Decor
324 3149 503 3210 Romanum.
522 3151 765 3227 Responsorium,
783 3153 936 3215 Subvenite
957 3148 1059 3212 Sancti

112 3236 169 3292 etc.
187 3232 340 3308 antiquum
351 3241 398 3292 est
412 3233 441 3290 iu
454 3229 596 3310 Exequiis
608 3233 838 3306 Defunclorum,
853 3233 977 3312 ejusque
993 3246 1060 3307 pas-

111 3313 167 3373 sim
182 3317 344 3374 meminere
358 3312 482 3374 Codices
503 3317 616 3391 antiqui
634 3313 767 3376 llituales
782 3358 789 3384 ‚
806 3318 979 3392 priscaeque
993 3315 1060 3374 Μο-

112 3397 308 3456 uasteriorum
324 3394 570 3457 Consuetudines.
586 3397 693 3458 Preces
708 3404 738 3458 et
751 3396 859 3459 Psalmi
875 3400 925 3475 qui
942 3403 1060 3457 cantau-

114 3481 162 3536 tur
177 3480 206 3537 in
216 3476 418 3548 Processione,
433 3481 594 3542 terminum
610 3497 698 3540 suum
711 3479 822 3542 habere
838 3481 945 3542 debent
965 3477 1000 3538 ad
1016 3475 1060 3536 fo·

114 3575 161 3619 res
182 3558 345 3622 Ecclesiae.
368 3559 414 3621 lle
435 3561 525 3623 modo
538 3562 705 3642 deponendi
720 3551 889 3634 cadauera,
905 3565 1003 3623 textus
1018 3574 1060 3619 sa·
