<?xml version="1.0" encoding="UTF-8"?>
<!DOCTYPE html PUBLIC "-//W3C//DTD XHTML 1.0 Transitional//EN"
    "http://www.w3.org/TR/xhtml1/DTD/xhtml1-transitional.dtd">
<html xmlns="http://www.w3.org/1999/xhtml" xml:lang="en" lang="en">
 <head>
  <title>
</title>
<meta http-equiv="Content-Type" content="text/html;charset=utf-8" />
  <meta name='ocr-system' content='tesseract 3.04.00' />
  <meta name='ocr-capabilities' content='ocr_page ocr_carea ocr_par ocr_line ocrx_word'/>
</head>
<body>
  <div class='ocr_page' id='page_1' title='image "./institutionesli01marigoog_0340.png"; bbox 0 0 2567 4042; ppageno 0'>
   <div class='ocr_carea' id='block_1_1' title="bbox 613 139 840 213">
    <p class='ocr_par' dir='ltr' id='par_1_1' title="bbox 613 139 840 213">
     <span class='ocr_line' id='line_1_1' title="bbox 613 139 840 213; baseline 0.04 -11"><span class='ocrx_word' id='word_1_1' title='bbox 613 139 840 213; x_wconf 60' lang='lat' dir='ltr'><strong>erumm-</strong></span> 
     </span>
    </p>
   </div>
   <div class='ocr_carea' id='block_1_2' title="bbox 192 266 1250 2316">
    <p class='ocr_par' dir='ltr' id='par_1_2' title="bbox 192 266 1202 1252">
     <span class='ocr_line' id='line_1_2' title="bbox 254 266 1196 351; baseline -0.006 -17"><span class='ocrx_word' id='word_1_2' title='bbox 254 271 414 351; x_wconf 76' lang='lat' dir='ltr'><strong>Apostolos</strong></span> <span class='ocrx_word' id='word_1_3' title='bbox 436 275 467 331; x_wconf 88' lang='lat' dir='ltr'><strong>et</strong></span> <span class='ocrx_word' id='word_1_4' title='bbox 486 266 670 348; x_wconf 88' lang='lat' dir='ltr'><strong>Episcopos,</strong></span> <span class='ocrx_word' id='word_1_5' title='bbox 694 288 799 332; x_wconf 89' lang='lat' dir='ltr'><strong>eorum</strong></span> <span class='ocrx_word' id='word_1_6' title='bbox 822 267 982 346; x_wconf 87' lang='lat' dir='ltr'><strong>primarios</strong></span> <span class='ocrx_word' id='word_1_7' title='bbox 1002 285 1196 337; x_wconf 79' lang='lat' dir='ltr'><strong>successores,</strong></span> 
     </span>
     <span class='ocr_line' id='line_1_3' title="bbox 255 349 1200 430; baseline -0.005 -15"><span class='ocrx_word' id='word_1_8' title='bbox 255 373 310 417; x_wconf 90' lang='lat' dir='ltr'><strong>uec</strong></span> <span class='ocrx_word' id='word_1_9' title='bbox 333 371 391 413; x_wconf 92' lang='lat' dir='ltr'><strong>non</strong></span> <span class='ocrx_word' id='word_1_10' title='bbox 413 353 450 413; x_wconf 93' lang='lat' dir='ltr'><strong>ad</strong></span> <span class='ocrx_word' id='word_1_11' title='bbox 472 351 621 412; x_wconf 85' lang='lat' dir='ltr'><strong>interioris</strong></span> <span class='ocrx_word' id='word_1_12' title='bbox 633 350 755 412; x_wconf 91' lang='lat' dir='ltr'><strong>Ordinis</strong></span> <span class='ocrx_word' id='word_1_13' title='bbox 777 351 972 414; x_wconf 77' lang='lat' dir='ltr'><strong>Sacerdotes:</strong></span> <span class='ocrx_word' id='word_1_14' title='bbox 1000 349 1200 430; x_wconf 75' lang='lat' dir='ltr'><strong>Quaecumque</strong></span> 
     </span>
     <span class='ocr_line' id='line_1_4' title="bbox 254 431 1200 512; baseline -0.008 -14"><span class='ocrx_word' id='word_1_15' title='bbox 254 435 401 498; x_wconf 83' lang='lat' dir='ltr'><strong>solveritis</strong></span> <span class='ocrx_word' id='word_1_16' title='bbox 422 452 512 512; x_wconf 81' lang='lat' dir='ltr'><strong>super</strong></span> <span class='ocrx_word' id='word_1_17' title='bbox 535 441 650 494; x_wconf 82' lang='lat' dir='ltr'><strong>terrem</strong></span> <span class='ocrx_word' id='word_1_18' title='bbox 673 443 728 494; x_wconf 82' lang='lat' dir='ltr'><strong>etc.</strong></span> <span class='ocrx_word' id='word_1_19' title='bbox 745 431 783 495; x_wconf 90' lang='lat' dir='ltr'><strong>El</strong></span> <span class='ocrx_word' id='word_1_20' title='bbox 804 451 938 494; x_wconf 86' lang='lat' dir='ltr'><strong>rursum:</strong></span> <span class='ocrx_word' id='word_1_21' title='bbox 960 431 1096 508; x_wconf 78' lang='lat' dir='ltr'><strong>Quorum</strong></span> <span class='ocrx_word' id='word_1_22' title='bbox 1118 431 1200 492; x_wconf 82' lang='lat' dir='ltr'><strong>remi·</strong></span> 
     </span>
     <span class='ocr_line' id='line_1_5' title="bbox 192 513 1201 597; baseline -0.005 -18"><span class='ocrx_word' id='word_1_23' title='bbox 192 584 195 590; x_wconf 64' lang='grc'><strong>,</strong></span> <span class='ocrx_word' id='word_1_24' title='bbox 255 518 484 597; x_wconf 77' lang='lat' dir='ltr'><strong>seritispeecoto</strong></span> <span class='ocrx_word' id='word_1_25' title='bbox 500 521 559 576; x_wconf 89' lang='lat' dir='ltr'><strong>etc.</strong></span> <span class='ocrx_word' id='word_1_26' title='bbox 576 515 651 576; x_wconf 84' lang='lat' dir='ltr'><strong>Esse</strong></span> <span class='ocrx_word' id='word_1_27' title='bbox 665 520 763 576; x_wconf 86' lang='lat' dir='ltr'><strong>autem</strong></span> <span class='ocrx_word' id='word_1_28' title='bbox 780 515 995 576; x_wconf 91' lang='lat' dir='ltr'><strong>absolutionem</strong></span> <span class='ocrx_word' id='word_1_29' title='bbox 1012 513 1141 574; x_wconf 90' lang='lat' dir='ltr'><strong>iormam</strong></span> <span class='ocrx_word' id='word_1_30' title='bbox 1155 513 1201 574; x_wconf 86' lang='lat' dir='ltr'><strong>Sa-</strong></span> 
     </span>
     <span class='ocr_line' id='line_1_6' title="bbox 254 595 1202 678; baseline -0.007 -17"><span class='ocrx_word' id='word_1_31' title='bbox 254 599 402 678; x_wconf 86' lang='lat' dir='ltr'><strong>cramenti</strong></span> <span class='ocrx_word' id='word_1_32' title='bbox 417 595 633 667; x_wconf 88' lang='lat' dir='ltr'><strong>Poenitentiae,</strong></span> <span class='ocrx_word' id='word_1_33' title='bbox 658 595 772 676; x_wconf 80' lang='lat' dir='ltr'><strong>Dogma</strong></span> <span class='ocrx_word' id='word_1_34' title='bbox 787 597 871 658; x_wconf 86' lang='lat' dir='ltr'><strong>Fidei</strong></span> <span class='ocrx_word' id='word_1_35' title='bbox 901 604 947 658; x_wconf 92' lang='lat' dir='ltr'><strong>est</strong></span> <span class='ocrx_word' id='word_1_36' title='bbox 967 595 1122 658; x_wconf 85' lang='lat' dir='ltr'><strong>delinitum</strong></span> <span class='ocrx_word' id='word_1_37' title='bbox 1143 601 1202 656; x_wconf 90' lang='lat' dir='ltr'><strong>tum</strong></span> 
     </span>
     <span class='ocr_line' id='line_1_7' title="bbox 255 675 1201 754; baseline -0.006 -12"><span class='ocrx_word' id='word_1_38' title='bbox 255 684 287 742; x_wconf 93' lang='lat' dir='ltr'><strong>iu</strong></span> <span class='ocrx_word' id='word_1_39' title='bbox 309 680 439 744; x_wconf 86' lang='lat' dir='ltr'><strong>Decreto</strong></span> <span class='ocrx_word' id='word_1_40' title='bbox 459 676 624 740; x_wconf 88' lang='lat' dir='ltr'><strong>Florentini</strong></span> <span class='ocrx_word' id='word_1_41' title='bbox 646 679 792 748; x_wconf 75' lang='lat' dir='ltr'><strong>Consilii,</strong></span> <span class='ocrx_word' id='word_1_42' title='bbox 821 686 884 740; x_wconf 88' lang='lat' dir='ltr'><strong>tum</strong></span> <span class='ocrx_word' id='word_1_43' title='bbox 907 681 936 738; x_wconf 90' lang='lat' dir='ltr'><strong>in</strong></span> <span class='ocrx_word' id='word_1_44' title='bbox 958 679 1130 739; x_wconf 78' lang='lat' dir='ltr'><strong>Tridentino</strong></span> <span class='ocrx_word' id='word_1_45' title='bbox 1152 675 1201 754; x_wconf 77' lang='lat' dir='ltr'><strong>Sy·</strong></span> 
     </span>
     <span class='ocr_line' id='line_1_8' title="bbox 252 756 1202 840; baseline -0.007 -16"><span class='ocrx_word' id='word_1_46' title='bbox 252 764 357 835; x_wconf 92' lang='lat' dir='ltr'><strong>nodo,</strong></span> <span class='ocrx_word' id='word_1_47' title='bbox 385 761 521 824; x_wconf 81' lang='lat' dir='ltr'><strong>sessione</strong></span> <span class='ocrx_word' id='word_1_48' title='bbox 547 759 624 820; x_wconf 84' lang='lat' dir='ltr'><strong>xlv</strong></span> <span class='ocrx_word' id='word_1_49' title='bbox 647 761 691 822; x_wconf 86' lang='lat' dir='ltr'><strong>Do</strong></span> <span class='ocrx_word' id='word_1_50' title='bbox 713 760 924 830; x_wconf 70' lang='lat' dir='ltr'><strong>Paenitentia,</strong></span> <span class='ocrx_word' id='word_1_51' title='bbox 953 758 1026 840; x_wconf 85' lang='lat' dir='ltr'><strong>Cap.</strong></span> <span class='ocrx_word' id='word_1_52' title='bbox 1048 758 1105 820; x_wconf 91' lang='lat'>111.</span> <span class='ocrx_word' id='word_1_53' title='bbox 1129 756 1202 818; x_wconf 89' lang='lat' dir='ltr'><strong>Nou·</strong></span> 
     </span>
     <span class='ocr_line' id='line_1_9' title="bbox 254 841 1202 924; baseline -0.009 -15"><span class='ocrx_word' id='word_1_54' title='bbox 254 863 410 924; x_wconf 90' lang='lat' dir='ltr'><strong>nunquam</strong></span> <span class='ocrx_word' id='word_1_55' title='bbox 425 842 474 902; x_wconf 89' lang='lat' dir='ltr'><strong>illa</strong></span> <span class='ocrx_word' id='word_1_56' title='bbox 496 844 601 904; x_wconf 90' lang='lat' dir='ltr'><strong>eadem</strong></span> <span class='ocrx_word' id='word_1_57' title='bbox 618 841 730 910; x_wconf 84' lang='lat' dir='ltr'><strong>torma,</strong></span> <span class='ocrx_word' id='word_1_58' title='bbox 756 850 788 904; x_wconf 91' lang='lat' dir='ltr'><strong>ut</strong></span> <span class='ocrx_word' id='word_1_59' title='bbox 804 845 880 904; x_wconf 87' lang='lat' dir='ltr'><strong>inter</strong></span> <span class='ocrx_word' id='word_1_60' title='bbox 896 843 970 904; x_wconf 90' lang='lat' dir='ltr'><strong>alios</strong></span> <span class='ocrx_word' id='word_1_61' title='bbox 984 845 1125 902; x_wconf 89' lang='lat' dir='ltr'><strong>observat</strong></span> <span class='ocrx_word' id='word_1_62' title='bbox 1138 841 1202 902; x_wconf 83' lang='lat' dir='ltr'><strong>lue·</strong></span> 
     </span>
     <span class='ocr_line' id='line_1_10' title="bbox 255 921 1200 1005; baseline -0.007 -16"><span class='ocrx_word' id='word_1_63' title='bbox 255 930 354 998; x_wconf 90' lang='lat' dir='ltr'><strong>ninus,</strong></span> <span class='ocrx_word' id='word_1_64' title='bbox 367 931 473 986; x_wconf 85' lang='lat' dir='ltr'><strong>vocata</strong></span> <span class='ocrx_word' id='word_1_65' title='bbox 488 922 546 984; x_wconf 88' lang='lat' dir='ltr'><strong>luit</strong></span> <span class='ocrx_word' id='word_1_66' title='bbox 561 923 726 986; x_wconf 84' lang='lat' dir='ltr'><strong>aPatribus</strong></span> <span class='ocrx_word' id='word_1_67' title='bbox 741 926 886 1005; x_wconf 84' lang='lat' dir='ltr'><strong>impositio</strong></span> <span class='ocrx_word' id='word_1_68' title='bbox 900 925 1114 993; x_wconf 84' lang='lat' dir='ltr'><strong>manuum,vel</strong></span> <span class='ocrx_word' id='word_1_69' title='bbox 1130 921 1200 1001; x_wconf 90' lang='lat' dir='ltr'><strong>quod</strong></span> 
     </span>
     <span class='ocr_line' id='line_1_11' title="bbox 254 1006 1202 1084; baseline -0.009 -13"><span class='ocrx_word' id='word_1_70' title='bbox 254 1010 384 1071; x_wconf 76' lang='lat' dir='ltr'><strong>estensis</strong></span> <span class='ocrx_word' id='word_1_71' title='bbox 406 1007 544 1068; x_wconf 89' lang='lat' dir='ltr'><strong>manibus</strong></span> <span class='ocrx_word' id='word_1_72' title='bbox 566 1024 657 1083; x_wconf 85' lang='lat' dir='ltr'><strong>snpra</strong></span> <span class='ocrx_word' id='word_1_73' title='bbox 681 1011 865 1084; x_wconf 87' lang='lat' dir='ltr'><strong>poenitentes</strong></span> <span class='ocrx_word' id='word_1_74' title='bbox 892 1025 960 1068; x_wconf 90' lang='lat' dir='ltr'><strong>eam</strong></span> <span class='ocrx_word' id='word_1_75' title='bbox 984 1007 1136 1084; x_wconf 84' lang='lat' dir='ltr'><strong>proterret</strong></span> <span class='ocrx_word' id='word_1_76' title='bbox 1155 1006 1202 1064; x_wconf 89' lang='lat' dir='ltr'><strong>mi·</strong></span> 
     </span>
     <span class='ocr_line' id='line_1_12' title="bbox 254 1087 1201 1169; baseline -0.004 -19"><span class='ocrx_word' id='word_1_77' title='bbox 254 1094 357 1162; x_wconf 87' lang='lat' dir='ltr'><strong>nister,</strong></span> <span class='ocrx_word' id='word_1_78' title='bbox 384 1088 430 1150; x_wconf 84' lang='lat' dir='ltr'><strong>rel</strong></span> <span class='ocrx_word' id='word_1_79' title='bbox 452 1087 531 1164; x_wconf 85' lang='lat' dir='ltr'><strong>quod</strong></span> <span class='ocrx_word' id='word_1_80' title='bbox 547 1090 709 1164; x_wconf 88' lang='lat' dir='ltr'><strong>antiquitus</strong></span> <span class='ocrx_word' id='word_1_81' title='bbox 732 1090 918 1169; x_wconf 88' lang='lat' dir='ltr'><strong>deprecative</strong></span> <span class='ocrx_word' id='word_1_82' title='bbox 934 1089 1141 1167; x_wconf 78' lang='lat' dir='ltr'><strong>proferretur,</strong></span> <span class='ocrx_word' id='word_1_83' title='bbox 1163 1087 1201 1146; x_wconf 89' lang='lat' dir='ltr'><strong>ld·</strong></span> 
     </span>
     <span class='ocr_line' id='line_1_13' title="bbox 253 1170 696 1252; baseline -0.009 -18"><span class='ocrx_word' id='word_1_84' title='bbox 253 1179 302 1235; x_wconf 89' lang='lat' dir='ltr'><strong>est</strong></span> <span class='ocrx_word' id='word_1_85' title='bbox 321 1190 375 1252; x_wconf 90' lang='lat' dir='ltr'><strong>per</strong></span> <span class='ocrx_word' id='word_1_86' title='bbox 397 1170 521 1230; x_wconf 92' lang='lat' dir='ltr'><strong>modum</strong></span> <span class='ocrx_word' id='word_1_87' title='bbox 543 1172 696 1230; x_wconf 87' lang='lat' dir='ltr'><strong>orationis.</strong></span> 
     </span>
    </p>

    <p class='ocr_par' dir='ltr' id='par_1_3' title="bbox 203 1248 1250 2316">
     <span class='ocr_line' id='line_1_14' title="bbox 294 1248 1201 1330; baseline -0.009 -15"><span class='ocrx_word' id='word_1_88' title='bbox 294 1253 334 1316; x_wconf 91' lang='lat' dir='ltr'><strong>ll.</strong></span> <span class='ocrx_word' id='word_1_89' title='bbox 358 1251 404 1313; x_wconf 83' lang='lat' dir='ltr'><strong>Ex</strong></span> <span class='ocrx_word' id='word_1_90' title='bbox 426 1253 521 1312; x_wconf 84' lang='lat' dir='ltr'><strong>veteri</strong></span> <span class='ocrx_word' id='word_1_91' title='bbox 543 1249 696 1312; x_wconf 84' lang='lat' dir='ltr'><strong>Ecclesiae</strong></span> <span class='ocrx_word' id='word_1_92' title='bbox 718 1251 870 1330; x_wconf 89' lang='lat' dir='ltr'><strong>disciplina</strong></span> <span class='ocrx_word' id='word_1_93' title='bbox 893 1253 1060 1320; x_wconf 85' lang='lat' dir='ltr'><strong>absolutio,</strong></span> <span class='ocrx_word' id='word_1_94' title='bbox 1086 1252 1111 1310; x_wconf 93' lang='lat' dir='ltr'><strong>si</strong></span> <span class='ocrx_word' id='word_1_95' title='bbox 1133 1248 1201 1310; x_wconf 93' lang='lat' dir='ltr'><strong>nulla</strong></span> 
     </span>
     <span class='ocr_line' id='line_1_15' title="bbox 243 1333 1202 1415; baseline -0.002 -21"><span class='ocrx_word' id='word_1_96' title='bbox 243 1340 377 1415; x_wconf 68' lang='lat' dir='ltr'><strong>⁴urgeret</strong></span> <span class='ocrx_word' id='word_1_97' title='bbox 407 1334 591 1401; x_wconf 88' lang='lat' dir='ltr'><strong>necessitas,</strong></span> <span class='ocrx_word' id='word_1_98' title='bbox 624 1341 692 1410; x_wconf 92' lang='lat' dir='ltr'><strong>post</strong></span> <span class='ocrx_word' id='word_1_99' title='bbox 724 1335 871 1412; x_wconf 84' lang='lat' dir='ltr'><strong>expletam</strong></span> <span class='ocrx_word' id='word_1_100' title='bbox 904 1353 1025 1394; x_wconf 86' lang='lat' dir='ltr'><strong>emnem</strong></span> <span class='ocrx_word' id='word_1_101' title='bbox 1054 1333 1202 1410; x_wconf 90' lang='lat' dir='ltr'><strong>poeniten·</strong></span> 
     </span>
     <span class='ocr_line' id='line_1_16' title="bbox 253 1412 1202 1494; baseline -0.004 -16"><span class='ocrx_word' id='word_1_102' title='bbox 253 1421 325 1480; x_wconf 89' lang='lat' dir='ltr'><strong>tiam</strong></span> <span class='ocrx_word' id='word_1_103' title='bbox 347 1434 486 1476; x_wconf 87' lang='lat' dir='ltr'><strong>concessa</strong></span> <span class='ocrx_word' id='word_1_104' title='bbox 514 1415 579 1475; x_wconf 89' lang='lat' dir='ltr'><strong>luit.</strong></span> <span class='ocrx_word' id='word_1_105' title='bbox 603 1412 692 1475; x_wconf 89' lang='lat' dir='ltr'><strong>Nulla</strong></span> <span class='ocrx_word' id='word_1_106' title='bbox 718 1415 780 1477; x_wconf 88' lang='lat' dir='ltr'><strong>iere</strong></span> <span class='ocrx_word' id='word_1_107' title='bbox 806 1422 852 1478; x_wconf 91' lang='lat' dir='ltr'><strong>est</strong></span> <span class='ocrx_word' id='word_1_108' title='bbox 867 1414 1068 1494; x_wconf 85' lang='lat' dir='ltr'><strong>Epistolarum</strong></span> <span class='ocrx_word' id='word_1_109' title='bbox 1092 1415 1124 1476; x_wconf 88' lang='lat' dir='ltr'><strong>S.</strong></span> <span class='ocrx_word' id='word_1_110' title='bbox 1151 1413 1202 1494; x_wconf 77' lang='lat' dir='ltr'><strong>Cy·</strong></span> 
     </span>
     <span class='ocr_line' id='line_1_17' title="bbox 252 1497 1201 1580; baseline -0.002 -20"><span class='ocrx_word' id='word_1_111' title='bbox 252 1500 349 1580; x_wconf 88' lang='lat' dir='ltr'><strong>priani</strong></span> <span class='ocrx_word' id='word_1_112' title='bbox 364 1499 490 1576; x_wconf 82' lang='lat' dir='ltr'><strong>pagina,</strong></span> <span class='ocrx_word' id='word_1_113' title='bbox 514 1497 564 1558; x_wconf 92' lang='lat' dir='ltr'><strong>ubi</strong></span> <span class='ocrx_word' id='word_1_114' title='bbox 587 1497 616 1556; x_wconf 94' lang='lat' dir='ltr'><strong>id</strong></span> <span class='ocrx_word' id='word_1_115' title='bbox 639 1516 696 1557; x_wconf 90' lang='lat' dir='ltr'><strong>noo</strong></span> <span class='ocrx_word' id='word_1_116' title='bbox 718 1499 871 1570; x_wconf 88' lang='lat' dir='ltr'><strong>inculcat,</strong></span> <span class='ocrx_word' id='word_1_117' title='bbox 896 1499 975 1575; x_wconf 84' lang='lat' dir='ltr'><strong>quod</strong></span> <span class='ocrx_word' id='word_1_118' title='bbox 996 1515 1201 1574; x_wconf 87' lang='lat' dir='ltr'><strong>quaecumque</strong></span> 
     </span>
     <span class='ocr_line' id='line_1_18' title="bbox 253 1576 1201 1660; baseline -0.005 -17"><span class='ocrx_word' id='word_1_119' title='bbox 253 1587 375 1660; x_wconf 85' lang='lat' dir='ltr'><strong>peecata</strong></span> <span class='ocrx_word' id='word_1_120' title='bbox 399 1580 528 1640; x_wconf 80' lang='lat' dir='ltr'><strong>admissa</strong></span> <span class='ocrx_word' id='word_1_121' title='bbox 550 1576 687 1651; x_wconf 82' lang='lat' dir='ltr'><strong>inerint„</strong></span> <span class='ocrx_word' id='word_1_122' title='bbox 711 1580 748 1640; x_wconf 89' lang='lat' dir='ltr'><strong>ad</strong></span> <span class='ocrx_word' id='word_1_123' title='bbox 777 1582 1017 1642; x_wconf 85' lang='lat' dir='ltr'><strong>communionem</strong></span> <span class='ocrx_word' id='word_1_124' title='bbox 1040 1597 1131 1642; x_wconf 88' lang='lat' dir='ltr'><strong>nemo</strong></span> <span class='ocrx_word' id='word_1_125' title='bbox 1159 1580 1201 1638; x_wconf 92' lang='lat' dir='ltr'><strong>ad·</strong></span> 
     </span>
     <span class='ocr_line' id='line_1_19' title="bbox 253 1659 1201 1739; baseline -0.006 -15"><span class='ocrx_word' id='word_1_126' title='bbox 253 1667 413 1729; x_wconf 86' lang='lat' dir='ltr'><strong>mittatur,</strong></span> <span class='ocrx_word' id='word_1_127' title='bbox 438 1661 493 1721; x_wconf 90' lang='lat' dir='ltr'><strong>nisi</strong></span> <span class='ocrx_word' id='word_1_128' title='bbox 515 1659 596 1738; x_wconf 87' lang='lat' dir='ltr'><strong>justo</strong></span> <span class='ocrx_word' id='word_1_129' title='bbox 620 1667 756 1739; x_wconf 89' lang='lat' dir='ltr'><strong>tempore</strong></span> <span class='ocrx_word' id='word_1_130' title='bbox 779 1664 990 1739; x_wconf 86' lang='lat' dir='ltr'><strong>poeniteutiam</strong></span> <span class='ocrx_word' id='word_1_131' title='bbox 1016 1665 1125 1737; x_wconf 83' lang='lat' dir='ltr'><strong>egerit.</strong></span> <span class='ocrx_word' id='word_1_132' title='bbox 1149 1660 1201 1734; x_wconf 88' lang='lat' dir='ltr'><strong>Qui</strong></span> 
     </span>
     <span class='ocr_line' id='line_1_20' title="bbox 253 1740 1199 1824; baseline -0.003 -19"><span class='ocrx_word' id='word_1_133' title='bbox 253 1764 344 1824; x_wconf 92' lang='lat' dir='ltr'><strong>porro</strong></span> <span class='ocrx_word' id='word_1_134' title='bbox 366 1744 459 1804; x_wconf 87' lang='lat' dir='ltr'><strong>secuti</strong></span> <span class='ocrx_word' id='word_1_135' title='bbox 475 1748 543 1802; x_wconf 90' lang='lat' dir='ltr'><strong>suot</strong></span> <span class='ocrx_word' id='word_1_136' title='bbox 558 1740 684 1812; x_wconf 87' lang='lat' dir='ltr'><strong>Patres,</strong></span> <span class='ocrx_word' id='word_1_137' title='bbox 709 1743 846 1805; x_wconf 76' lang='lat' dir='ltr'><strong>enuntiem</strong></span> <span class='ocrx_word' id='word_1_138' title='bbox 869 1744 905 1804; x_wconf 88' lang='lat' dir='ltr'><strong>do</strong></span> <span class='ocrx_word' id='word_1_139' title='bbox 921 1745 1141 1822; x_wconf 87' lang='lat' dir='ltr'><strong>poenitentium</strong></span> <span class='ocrx_word' id='word_1_140' title='bbox 1163 1761 1199 1802; x_wconf 87' lang='lat' dir='ltr'><strong>re-</strong></span> 
     </span>
     <span class='ocr_line' id='line_1_21' title="bbox 252 1824 1199 1900; baseline -0.006 -12"><span class='ocrx_word' id='word_1_141' title='bbox 252 1826 460 1888; x_wconf 89' lang='lat' dir='ltr'><strong>conciliatione</strong></span> <span class='ocrx_word' id='word_1_142' title='bbox 482 1824 669 1900; x_wconf 87' lang='lat' dir='ltr'><strong>disciplinam</strong></span> <span class='ocrx_word' id='word_1_143' title='bbox 699 1826 734 1886; x_wconf 93' lang='lat' dir='ltr'><strong>ad</strong></span> <span class='ocrx_word' id='word_1_144' title='bbox 765 1843 858 1888; x_wconf 75' lang='lat' dir='ltr'><strong>riuum</strong></span> <span class='ocrx_word' id='word_1_145' title='bbox 888 1844 992 1900; x_wconf 78' lang='lat' dir='ltr'><strong>ornnes</strong></span> <span class='ocrx_word' id='word_1_146' title='bbox 1013 1830 1045 1886; x_wconf 93' lang='lat' dir='ltr'><strong>et</strong></span> <span class='ocrx_word' id='word_1_147' title='bbox 1066 1842 1199 1886; x_wconf 85' lang='lat' dir='ltr'><strong>servaro-</strong></span> 
     </span>
     <span class='ocr_line' id='line_1_22' title="bbox 254 1903 1199 1983; baseline -0.002 -15"><span class='ocrx_word' id='word_1_148' title='bbox 254 1912 335 1978; x_wconf 90' lang='lat' dir='ltr'><strong>ruut,</strong></span> <span class='ocrx_word' id='word_1_149' title='bbox 354 1913 386 1968; x_wconf 88' lang='lat' dir='ltr'><strong>et</strong></span> <span class='ocrx_word' id='word_1_150' title='bbox 400 1908 637 1968; x_wconf 87' lang='lat' dir='ltr'><strong>inculcaverunl.</strong></span> <span class='ocrx_word' id='word_1_151' title='bbox 657 1903 787 1971; x_wconf 84' lang='lat' dir='ltr'><strong>Primam</strong></span> <span class='ocrx_word' id='word_1_152' title='bbox 804 1909 924 1983; x_wconf 82' lang='lat' dir='ltr'><strong>quidem</strong></span> <span class='ocrx_word' id='word_1_153' title='bbox 940 1909 1138 1968; x_wconf 75' lang='lat' dir='ltr'><strong>absolutIouis</strong></span> <span class='ocrx_word' id='word_1_154' title='bbox 1152 1904 1199 1966; x_wconf 86' lang='lat' dir='ltr'><strong>oil-</strong></span> 
     </span>
     <span class='ocr_line' id='line_1_23' title="bbox 252 1988 1199 2065; baseline -0.006 -13"><span class='ocrx_word' id='word_1_155' title='bbox 252 1991 393 2052; x_wconf 88' lang='lat' dir='ltr'><strong>ierendae</strong></span> <span class='ocrx_word' id='word_1_156' title='bbox 409 2006 532 2051; x_wconf 90' lang='lat' dir='ltr'><strong>causam</strong></span> <span class='ocrx_word' id='word_1_157' title='bbox 546 2005 613 2048; x_wconf 88' lang='lat' dir='ltr'><strong>eam</strong></span> <span class='ocrx_word' id='word_1_158' title='bbox 636 1990 758 2050; x_wconf 92' lang='lat' dir='ltr'><strong>tradunt</strong></span> <span class='ocrx_word' id='word_1_159' title='bbox 772 1988 885 2056; x_wconf 87' lang='lat' dir='ltr'><strong>Patres,</strong></span> <span class='ocrx_word' id='word_1_160' title='bbox 902 1991 986 2065; x_wconf 78' lang='lat' dir='ltr'><strong>¹quod</strong></span> <span class='ocrx_word' id='word_1_161' title='bbox 1003 1990 1129 2050; x_wconf 87' lang='lat' dir='ltr'><strong>vulnera</strong></span> <span class='ocrx_word' id='word_1_162' title='bbox 1143 1989 1199 2048; x_wconf 91' lang='lat' dir='ltr'><strong>ani-</strong></span> 
     </span>
     <span class='ocr_line' id='line_1_24' title="bbox 213 2068 1198 2150; baseline -0.005 -15"><span class='ocrx_word' id='word_1_163' title='bbox 213 2068 217 2082; x_wconf 83' lang='lat'><em>&#39;</em></span> <span class='ocrx_word' id='word_1_164' title='bbox 251 2093 320 2135; x_wconf 88' lang='lat' dir='ltr'><strong>mae</strong></span> <span class='ocrx_word' id='word_1_165' title='bbox 342 2091 360 2132; x_wconf 93' lang='lat' dir='ltr'><strong>a</strong></span> <span class='ocrx_word' id='word_1_166' title='bbox 382 2071 510 2150; x_wconf 88' lang='lat' dir='ltr'><strong>peccatis</strong></span> <span class='ocrx_word' id='word_1_167' title='bbox 532 2068 644 2130; x_wconf 85' lang='lat' dir='ltr'><strong>inflicta</strong></span> <span class='ocrx_word' id='word_1_168' title='bbox 666 2072 840 2149; x_wconf 85' lang='lat' dir='ltr'><strong>opportunis</strong></span> <span class='ocrx_word' id='word_1_169' title='bbox 862 2074 1023 2143; x_wconf 86' lang='lat' dir='ltr'><strong>remediis,</strong></span> <span class='ocrx_word' id='word_1_170' title='bbox 1055 2076 1089 2132; x_wconf 92' lang='lat' dir='ltr'><strong>ut</strong></span> <span class='ocrx_word' id='word_1_171' title='bbox 1111 2072 1198 2132; x_wconf 92' lang='lat' dir='ltr'><strong>obdu·</strong></span> 
     </span>
     <span class='ocr_line' id='line_1_25' title="bbox 250 2151 1250 2231; baseline -0.004 -15"><span class='ocrx_word' id='word_1_172' title='bbox 250 2164 373 2222; x_wconf 87' lang='lat' dir='ltr'><strong>cantur,</strong></span> <span class='ocrx_word' id='word_1_173' title='bbox 399 2155 557 2231; x_wconf 87' lang='lat' dir='ltr'><strong>indigeant.</strong></span> <span class='ocrx_word' id='word_1_174' title='bbox 583 2151 716 2214; x_wconf 84' lang='lat' dir='ltr'><strong>Tandem</strong></span> <span class='ocrx_word' id='word_1_175' title='bbox 739 2154 841 2224; x_wconf 91' lang='lat' dir='ltr'><strong>illius,</strong></span> <span class='ocrx_word' id='word_1_176' title='bbox 864 2155 901 2213; x_wconf 89' lang='lat' dir='ltr'><strong>de</strong></span> <span class='ocrx_word' id='word_1_177' title='bbox 924 2172 983 2231; x_wconf 84' lang='lat' dir='ltr'><strong>qua</strong></span> <span class='ocrx_word' id='word_1_178' title='bbox 1005 2155 1197 2229; x_wconf 90' lang='lat' dir='ltr'><strong>disputamus,</strong></span> <span class='ocrx_word' id='word_1_179' title='bbox 1249 2169 1250 2200; x_wconf 46' lang='grc' dir='ltr'>ὲ</span> 
     </span>
     <span class='ocr_line' id='line_1_26' title="bbox 203 2234 1199 2316; baseline -0.004 -18"><span class='ocrx_word' id='word_1_180' title='bbox 203 2270 205 2277; x_wconf 90' lang='grc'><strong><em>·</em></strong></span> <span class='ocrx_word' id='word_1_181' title='bbox 249 2238 421 2316; x_wconf 88' lang='lat' dir='ltr'><strong>disciplinae</strong></span> <span class='ocrx_word' id='word_1_182' title='bbox 444 2252 533 2302; x_wconf 88' lang='lat' dir='ltr'><strong>causa</strong></span> <span class='ocrx_word' id='word_1_183' title='bbox 549 2250 613 2294; x_wconf 91' lang='lat' dir='ltr'><strong>non</strong></span> <span class='ocrx_word' id='word_1_184' title='bbox 637 2234 741 2295; x_wconf 91' lang='lat' dir='ltr'><strong>ultima</strong></span> <span class='ocrx_word' id='word_1_185' title='bbox 763 2237 814 2296; x_wconf 87' lang='lat' dir='ltr'><strong>illa</strong></span> <span class='ocrx_word' id='word_1_186' title='bbox 834 2243 909 2306; x_wconf 87' lang='lat' dir='ltr'><strong>erat,</strong></span> <span class='ocrx_word' id='word_1_187' title='bbox 934 2235 1012 2312; x_wconf 85' lang='lat' dir='ltr'><strong>quod</strong></span> <span class='ocrx_word' id='word_1_188' title='bbox 1038 2235 1093 2295; x_wconf 92' lang='lat' dir='ltr'><strong>boc</strong></span> <span class='ocrx_word' id='word_1_189' title='bbox 1119 2243 1199 2314; x_wconf 89' lang='lat' dir='ltr'><strong>pacto</strong></span> 
     </span>
    </p>
   </div>
   <div class='ocr_carea' id='block_1_3' title="bbox 134 2317 1197 2394">
    <p class='ocr_par' dir='ltr' id='par_1_4' title="bbox 134 2317 1197 2394">
     <span class='ocr_line' id='line_1_27' title="bbox 134 2317 1197 2394; baseline -0.004 -13"><span class='ocrx_word' id='word_1_190' title='bbox 134 2369 147 2381; x_wconf 93' lang='lat'><em>.</em></span> <span class='ocrx_word' id='word_1_191' title='bbox 250 2338 323 2379; x_wconf 92' lang='lat' dir='ltr'><strong>num</strong></span> <span class='ocrx_word' id='word_1_192' title='bbox 346 2322 463 2379; x_wconf 88' lang='lat' dir='ltr'><strong>sincera</strong></span> <span class='ocrx_word' id='word_1_193' title='bbox 483 2332 518 2377; x_wconf 91' lang='lat' dir='ltr'><strong>ao</strong></span> <span class='ocrx_word' id='word_1_194' title='bbox 540 2317 653 2376; x_wconf 89' lang='lat' dir='ltr'><strong>stabilis</strong></span> <span class='ocrx_word' id='word_1_195' title='bbox 682 2319 897 2394; x_wconf 88' lang='lat' dir='ltr'><strong>poenitentium</strong></span> <span class='ocrx_word' id='word_1_196' title='bbox 919 2324 999 2380; x_wconf 88' lang='lat' dir='ltr'><strong>essct</strong></span> <span class='ocrx_word' id='word_1_197' title='bbox 1019 2318 1197 2386; x_wconf 89' lang='lat' dir='ltr'><strong>conversio,</strong></span> 
     </span>
    </p>
   </div>
   <div class='ocr_carea' id='block_1_4' title="bbox 231 2399 1249 3540">
    <p class='ocr_par' dir='ltr' id='par_1_5' title="bbox 231 2399 1249 3216">
     <span class='ocr_line' id='line_1_28' title="bbox 249 2399 1197 2480; baseline -0.003 -19"><span class='ocrx_word' id='word_1_198' title='bbox 249 2402 487 2480; x_wconf 82' lang='lat' dir='ltr'><strong>dig-nosceretur:</strong></span> <span class='ocrx_word' id='word_1_199' title='bbox 505 2403 636 2459; x_wconf 87' lang='lat' dir='ltr'><strong>attamen</strong></span> <span class='ocrx_word' id='word_1_200' title='bbox 659 2399 836 2474; x_wconf 87' lang='lat' dir='ltr'><strong>quibusdam</strong></span> <span class='ocrx_word' id='word_1_201' title='bbox 858 2400 975 2460; x_wconf 90' lang='lat' dir='ltr'><strong>casibus</strong></span> <span class='ocrx_word' id='word_1_202' title='bbox 996 2404 1066 2460; x_wconf 85' lang='lat' dir='ltr'><strong>autc</strong></span> <span class='ocrx_word' id='word_1_203' title='bbox 1081 2416 1197 2460; x_wconf 90' lang='lat' dir='ltr'><strong>emensa</strong></span> 
     </span>
     <span class='ocr_line' id='line_1_29' title="bbox 250 2479 1197 2561; baseline 0 -19"><span class='ocrx_word' id='word_1_204' title='bbox 250 2483 447 2561; x_wconf 89' lang='lat' dir='ltr'><strong>poenitentiae</strong></span> <span class='ocrx_word' id='word_1_205' title='bbox 470 2480 565 2558; x_wconf 88' lang='lat' dir='ltr'><strong>spatia</strong></span> <span class='ocrx_word' id='word_1_206' title='bbox 586 2480 713 2540; x_wconf 90' lang='lat' dir='ltr'><strong>dabatur</strong></span> <span class='ocrx_word' id='word_1_207' title='bbox 735 2481 890 2542; x_wconf 88' lang='lat' dir='ltr'><strong>absolutio.</strong></span> <span class='ocrx_word' id='word_1_208' title='bbox 904 2479 1006 2542; x_wconf 91' lang='lat' dir='ltr'><strong>Primo</strong></span> <span class='ocrx_word' id='word_1_209' title='bbox 1029 2499 1097 2541; x_wconf 91' lang='lat' dir='ltr'><strong>curn</strong></span> <span class='ocrx_word' id='word_1_210' title='bbox 1120 2499 1197 2560; x_wconf 83' lang='lat' dir='ltr'><strong>urge·</strong></span> 
     </span>
     <span class='ocr_line' id='line_1_30' title="bbox 249 2561 1196 2640; baseline 0 -16"><span class='ocrx_word' id='word_1_211' title='bbox 249 2565 301 2625; x_wconf 86' lang='lat' dir='ltr'><strong>bat</strong></span> <span class='ocrx_word' id='word_1_212' title='bbox 315 2563 420 2624; x_wconf 85' lang='lat' dir='ltr'><strong>mortis</strong></span> <span class='ocrx_word' id='word_1_213' title='bbox 441 2561 619 2640; x_wconf 90' lang='lat' dir='ltr'><strong>periculum.</strong></span> <span class='ocrx_word' id='word_1_214' title='bbox 638 2561 773 2623; x_wconf 88' lang='lat' dir='ltr'><strong>Secundo</strong></span> <span class='ocrx_word' id='word_1_215' title='bbox 795 2582 864 2623; x_wconf 91' lang='lat' dir='ltr'><strong>cum</strong></span> <span class='ocrx_word' id='word_1_216' title='bbox 890 2565 918 2623; x_wconf 93' lang='lat' dir='ltr'><strong>in</strong></span> <span class='ocrx_word' id='word_1_217' title='bbox 942 2564 1113 2624; x_wconf 87' lang='lat' dir='ltr'><strong>discrimine</strong></span> <span class='ocrx_word' id='word_1_218' title='bbox 1136 2581 1196 2624; x_wconf 82' lang='lat' dir='ltr'><strong>rer·</strong></span> 
     </span>
     <span class='ocr_line' id='line_1_31' title="bbox 251 2643 1195 2723; baseline 0 -17"><span class='ocrx_word' id='word_1_219' title='bbox 251 2647 374 2707; x_wconf 91' lang='lat' dir='ltr'><strong>sabatur</strong></span> <span class='ocrx_word' id='word_1_220' title='bbox 395 2644 573 2723; x_wconf 88' lang='lat' dir='ltr'><strong>poenitentis</strong></span> <span class='ocrx_word' id='word_1_221' title='bbox 595 2643 687 2704; x_wconf 85' lang='lat' dir='ltr'><strong>salus.</strong></span> <span class='ocrx_word' id='word_1_222' title='bbox 711 2643 811 2706; x_wconf 83' lang='lat' dir='ltr'><strong>Tertio</strong></span> <span class='ocrx_word' id='word_1_223' title='bbox 839 2646 1057 2706; x_wconf 89' lang='lat' dir='ltr'><strong>concedebatur</strong></span> <span class='ocrx_word' id='word_1_224' title='bbox 1084 2646 1195 2708; x_wconf 92' lang='lat' dir='ltr'><strong>absolu·</strong></span> 
     </span>
     <span class='ocr_line' id='line_1_32' title="bbox 249 2726 1195 2806; baseline 0 -19"><span class='ocrx_word' id='word_1_225' title='bbox 249 2729 292 2788; x_wconf 90' lang='lat' dir='ltr'><strong>tio</strong></span> <span class='ocrx_word' id='word_1_226' title='bbox 314 2728 404 2806; x_wconf 89' lang='lat' dir='ltr'><strong>lapsis</strong></span> <span class='ocrx_word' id='word_1_227' title='bbox 425 2734 493 2787; x_wconf 89' lang='lat' dir='ltr'><strong>ante</strong></span> <span class='ocrx_word' id='word_1_228' title='bbox 515 2726 740 2805; x_wconf 87' lang='lat' dir='ltr'><strong>poenitentiam,</strong></span> <span class='ocrx_word' id='word_1_229' title='bbox 754 2732 788 2786; x_wconf 95' lang='lat' dir='ltr'><strong>ut</strong></span> <span class='ocrx_word' id='word_1_230' title='bbox 808 2728 963 2788; x_wconf 90' lang='lat' dir='ltr'><strong>subeundo</strong></span> <span class='ocrx_word' id='word_1_231' title='bbox 979 2728 1127 2803; x_wconf 78' lang='lat' dir='ltr'><strong>martyrio</strong></span> <span class='ocrx_word' id='word_1_232' title='bbox 1143 2728 1195 2787; x_wconf 91' lang='lat' dir='ltr'><strong>ido·</strong></span> 
     </span>
     <span class='ocr_line' id='line_1_33' title="bbox 231 2806 1192 2888; baseline -0.002 -18"><span class='ocrx_word' id='word_1_233' title='bbox 231 2810 296 2870; x_wconf 72' lang='lat' dir='ltr'><strong>‘nei</strong></span> <span class='ocrx_word' id='word_1_234' title='bbox 319 2809 529 2870; x_wconf 89' lang='lat' dir='ltr'><strong>redderentur.</strong></span> <span class='ocrx_word' id='word_1_235' title='bbox 546 2806 688 2869; x_wconf 86' lang='lat' dir='ltr'><strong>Ceterum</strong></span> <span class='ocrx_word' id='word_1_236' title='bbox 706 2809 875 2886; x_wconf 83' lang='lat' dir='ltr'><strong>posterioris</strong></span> <span class='ocrx_word' id='word_1_237' title='bbox 898 2811 1040 2888; x_wconf 88' lang='lat' dir='ltr'><strong>temporis</strong></span> <span class='ocrx_word' id='word_1_238' title='bbox 1054 2807 1192 2876; x_wconf 86' lang='lat' dir='ltr'><strong>Ecclesia,</strong></span> 
     </span>
     <span class='ocr_line' id='line_1_34' title="bbox 245 2889 1194 2970; baseline -0.001 -19"><span class='ocrx_word' id='word_1_239' title='bbox 245 2890 335 2970; x_wconf 85' lang='lat' dir='ltr'><strong>justis</strong></span> <span class='ocrx_word' id='word_1_240' title='bbox 355 2890 436 2951; x_wconf 89' lang='lat' dir='ltr'><strong>haud</strong></span> <span class='ocrx_word' id='word_1_241' title='bbox 458 2889 549 2952; x_wconf 89' lang='lat' dir='ltr'><strong>dubie</strong></span> <span class='ocrx_word' id='word_1_242' title='bbox 565 2890 731 2952; x_wconf 89' lang='lat' dir='ltr'><strong>rationibus</strong></span> <span class='ocrx_word' id='word_1_243' title='bbox 746 2896 837 2959; x_wconf 84' lang='lat' dir='ltr'><strong>mota,</strong></span> <span class='ocrx_word' id='word_1_244' title='bbox 854 2909 924 2952; x_wconf 90' lang='lat' dir='ltr'><strong>eum</strong></span> <span class='ocrx_word' id='word_1_245' title='bbox 947 2890 1155 2952; x_wconf 81' lang='lat' dir='ltr'><strong>satisfactionis</strong></span> <span class='ocrx_word' id='word_1_246' title='bbox 1168 2895 1194 2950; x_wconf 90' lang='lat' dir='ltr'><strong>et</strong></span> 
     </span>
     <span class='ocr_line' id='line_1_35' title="bbox 246 2972 1249 3054; baseline -0.002 -22"><span class='ocrx_word' id='word_1_247' title='bbox 246 2973 441 3035; x_wconf 89' lang='lat' dir='ltr'><strong>absolutionis</strong></span> <span class='ocrx_word' id='word_1_248' title='bbox 455 2972 591 3033; x_wconf 89' lang='lat' dir='ltr'><strong>ordinem</strong></span> <span class='ocrx_word' id='word_1_249' title='bbox 607 2972 751 3049; x_wconf 88' lang='lat' dir='ltr'><strong>paulatim</strong></span> <span class='ocrx_word' id='word_1_250' title='bbox 774 2974 961 3043; x_wconf 85' lang='lat' dir='ltr'><strong>immutarit,</strong></span> <span class='ocrx_word' id='word_1_251' title='bbox 986 2978 1017 3034; x_wconf 90' lang='lat' dir='ltr'><strong>et</strong></span> <span class='ocrx_word' id='word_1_252' title='bbox 1029 2973 1193 3034; x_wconf 84' lang='lat' dir='ltr'><strong>absolutio-</strong></span> <span class='ocrx_word' id='word_1_253' title='bbox 1248 3043 1249 3054; x_wconf 10' lang='grc' dir='ltr'>χ</span> 
     </span>
     <span class='ocr_line' id='line_1_36' title="bbox 246 3055 1249 3132; baseline -0.001 -18"><span class='ocrx_word' id='word_1_254' title='bbox 246 3074 318 3118; x_wconf 89' lang='lat' dir='ltr'><strong>nem</strong></span> <span class='ocrx_word' id='word_1_255' title='bbox 340 3057 390 3124; x_wconf 93' lang='lat' dir='ltr'><strong>iis,</strong></span> <span class='ocrx_word' id='word_1_256' title='bbox 414 3057 560 3132; x_wconf 83' lang='lat' dir='ltr'><strong>quivere</strong></span> <span class='ocrx_word' id='word_1_257' title='bbox 582 3055 769 3131; x_wconf 84' lang='lat' dir='ltr'><strong>poenitentes</strong></span> <span class='ocrx_word' id='word_1_258' title='bbox 797 3055 994 3127; x_wconf 84' lang='lat' dir='ltr'><strong>viderentur,</strong></span> <span class='ocrx_word' id='word_1_259' title='bbox 1019 3056 1115 3116; x_wconf 85' lang='lat' dir='ltr'><strong>etiam</strong></span> <span class='ocrx_word' id='word_1_260' title='bbox 1132 3060 1192 3116; x_wconf 86' lang='lat' dir='ltr'><strong>ante</strong></span> <span class='ocrx_word' id='word_1_261' title='bbox 1248 3055 1249 3092; x_wconf 75' lang='lat' dir='ltr'><strong>l</strong></span> 
     </span>
     <span class='ocr_line' id='line_1_37' title="bbox 245 3135 833 3216; baseline -0.007 -16"><span class='ocrx_word' id='word_1_262' title='bbox 245 3143 400 3216; x_wconf 84' lang='lat' dir='ltr'><strong>peractam</strong></span> <span class='ocrx_word' id='word_1_263' title='bbox 422 3136 654 3201; x_wconf 79' lang='lat' dir='ltr'><strong>satisfactionem</strong></span> <span class='ocrx_word' id='word_1_264' title='bbox 677 3135 833 3214; x_wconf 86' lang='lat' dir='ltr'><strong>impendit.</strong></span> 
     </span>
    </p>

    <p class='ocr_par' dir='ltr' id='par_1_6' title="bbox 244 3216 1190 3540">
     <span class='ocr_line' id='line_1_38' title="bbox 287 3216 1190 3297; baseline -0.002 -19"><span class='ocrx_word' id='word_1_265' title='bbox 287 3218 340 3280; x_wconf 93' lang='lat' dir='ltr'><strong>lll.</strong></span> <span class='ocrx_word' id='word_1_266' title='bbox 364 3218 524 3279; x_wconf 85' lang='lat' dir='ltr'><strong>Absolutio</strong></span> <span class='ocrx_word' id='word_1_267' title='bbox 545 3237 563 3278; x_wconf 90' lang='lat' dir='ltr'><strong>a</strong></span> <span class='ocrx_word' id='word_1_268' title='bbox 585 3216 746 3278; x_wconf 85' lang='lat' dir='ltr'><strong>Sacerdote</strong></span> <span class='ocrx_word' id='word_1_269' title='bbox 769 3217 966 3297; x_wconf 89' lang='lat' dir='ltr'><strong>impendenda</strong></span> <span class='ocrx_word' id='word_1_270' title='bbox 987 3223 1033 3280; x_wconf 90' lang='lat' dir='ltr'><strong>est</strong></span> <span class='ocrx_word' id='word_1_271' title='bbox 1054 3218 1112 3278; x_wconf 87' lang='lat' dir='ltr'><strong>hac</strong></span> <span class='ocrx_word' id='word_1_272' title='bbox 1133 3231 1190 3279; x_wconf 91' lang='lat' dir='ltr'><strong>ver·</strong></span> 
     </span>
     <span class='ocr_line' id='line_1_39' title="bbox 245 3296 1190 3380; baseline -0.001 -21"><span class='ocrx_word' id='word_1_273' title='bbox 245 3299 354 3362; x_wconf 90' lang='lat' dir='ltr'><strong>borum</strong></span> <span class='ocrx_word' id='word_1_274' title='bbox 375 3299 529 3360; x_wconf 89' lang='lat' dir='ltr'><strong>iormula:</strong></span> <span class='ocrx_word' id='word_1_275' title='bbox 562 3296 626 3378; x_wconf 74' lang='lat' dir='ltr'><strong>Epo</strong></span> <span class='ocrx_word' id='word_1_276' title='bbox 649 3308 675 3360; x_wconf 86' lang='lat' dir='ltr'><strong>te</strong></span> <span class='ocrx_word' id='word_1_277' title='bbox 698 3299 811 3360; x_wconf 83' lang='lat' dir='ltr'><strong>obsoleo</strong></span> <span class='ocrx_word' id='word_1_278' title='bbox 833 3303 1019 3380; x_wconf 82' lang='lat' dir='ltr'><strong>opeccotis,</strong></span> <span class='ocrx_word' id='word_1_279' title='bbox 1043 3317 1113 3362; x_wconf 89' lang='lat' dir='ltr'><strong>cum</strong></span> <span class='ocrx_word' id='word_1_280' title='bbox 1134 3315 1190 3380; x_wconf 88' lang='lat' dir='ltr'><strong>pre-</strong></span> 
     </span>
     <span class='ocr_line' id='line_1_40' title="bbox 245 3380 1187 3462; baseline 0.01 -24"><span class='ocrx_word' id='word_1_281' title='bbox 245 3381 330 3442; x_wconf 91' lang='lat' dir='ltr'><strong>cibus</strong></span> <span class='ocrx_word' id='word_1_282' title='bbox 351 3399 428 3458; x_wconf 87' lang='lat' dir='ltr'><strong>quae</strong></span> <span class='ocrx_word' id='word_1_283' title='bbox 451 3381 497 3441; x_wconf 89' lang='lat' dir='ltr'><strong>bis</strong></span> <span class='ocrx_word' id='word_1_284' title='bbox 518 3382 619 3442; x_wconf 88' lang='lat' dir='ltr'><strong>verbis</strong></span> <span class='ocrx_word' id='word_1_285' title='bbox 640 3380 854 3460; x_wconf 85' lang='lat' dir='ltr'><strong>adjunguntur.</strong></span> <span class='ocrx_word' id='word_1_286' title='bbox 879 3382 950 3449; x_wconf 34' lang='lat' dir='ltr'><strong>Etsi,</strong></span> <span class='ocrx_word' id='word_1_287' title='bbox 973 3400 1046 3460; x_wconf 80' lang='lat' dir='ltr'><strong>ergo</strong></span> <span class='ocrx_word' id='word_1_288' title='bbox 1069 3397 1187 3462; x_wconf 68' lang='lat' dir='ltr'><strong>preces,</strong></span> 
     </span>
     <span class='ocr_line' id='line_1_41' title="bbox 244 3460 1187 3540; baseline 0.006 -22"><span class='ocrx_word' id='word_1_289' title='bbox 244 3479 322 3538; x_wconf 90' lang='lat' dir='ltr'><strong>quae</strong></span> <span class='ocrx_word' id='word_1_290' title='bbox 343 3460 458 3523; x_wconf 85' lang='lat' dir='ltr'><strong>fornae</strong></span> <span class='ocrx_word' id='word_1_291' title='bbox 480 3463 673 3524; x_wconf 91' lang='lat' dir='ltr'><strong>absolutionis</strong></span> <span class='ocrx_word' id='word_1_292' title='bbox 696 3464 951 3540; x_wconf 87' lang='lat' dir='ltr'><strong>praemittuntur,</strong></span> <span class='ocrx_word' id='word_1_293' title='bbox 976 3465 1113 3536; x_wconf 87' lang='lat' dir='ltr'><strong>scilicet,</strong></span> <span class='ocrx_word' id='word_1_294' title='bbox 1137 3461 1187 3524; x_wconf 83' lang='lat' dir='ltr'><strong>llo·</strong></span> 
     </span>
    </p>
   </div>
   <div class='ocr_carea' id='block_1_5' title="bbox 139 3540 1187 3624">
    <p class='ocr_par' dir='ltr' id='par_1_7' title="bbox 139 3540 1187 3624">
     <span class='ocr_line' id='line_1_42' title="bbox 139 3540 1187 3624; baseline 0.001 -21"><span class='ocrx_word' id='word_1_295' title='bbox 139 3599 141 3603; x_wconf 85' lang='lat'>.</span> <span class='ocrx_word' id='word_1_296' title='bbox 244 3544 346 3602; x_wconf 82' lang='lat' dir='ltr'><strong>mines</strong></span> <span class='ocrx_word' id='word_1_297' title='bbox 366 3554 461 3604; x_wconf 83' lang='lat' dir='ltr'><strong>noster</strong></span> <span class='ocrx_word' id='word_1_298' title='bbox 480 3540 564 3605; x_wconf 63' lang='lat' dir='ltr'><strong>teiln</strong></span> <span class='ocrx_word' id='word_1_299' title='bbox 589 3543 727 3607; x_wconf 78' lang='lat' dir='ltr'><strong>Christos</strong></span> <span class='ocrx_word' id='word_1_300' title='bbox 749 3554 776 3605; x_wconf 88' lang='lat' dir='ltr'><strong>tc</strong></span> <span class='ocrx_word' id='word_1_301' title='bbox 799 3545 941 3615; x_wconf 83' lang='lat' dir='ltr'><strong>obsoleat,</strong></span> <span class='ocrx_word' id='word_1_302' title='bbox 964 3547 1002 3606; x_wconf 86' lang='lat' dir='ltr'><strong>ad</strong></span> <span class='ocrx_word' id='word_1_303' title='bbox 1025 3546 1116 3622; x_wconf 90' lang='lat' dir='ltr'><strong>ritum</strong></span> <span class='ocrx_word' id='word_1_304' title='bbox 1130 3559 1187 3624; x_wconf 88' lang='lat' dir='ltr'><strong>spe·</strong></span> 
     </span>
    </p>
   </div>
   <div class='ocr_carea' id='block_1_6' title="bbox 0 0 1288 4042">
    <p class='ocr_par' dir='ltr' id='par_1_8' title="bbox 0 0 1288 4042">
     <span class='ocr_line' id='line_1_43' title="bbox 0 0 1288 4042; baseline 0 1"><span class='ocrx_word' id='word_1_305' title='bbox 0 0 1288 4042; x_wconf 95' lang='lat' dir='ltr'><strong> </strong></span> 
     </span>
    </p>
   </div>
  </div>
 </body>
</html>
