2567 4042
446 165 672 238 sepphhiffl-

81 313 154 373 pore
175 277 341 356 laudandus
363 297 401 356 sit
423 281 516 367 Deus,
542 298 728 374 potissimum
751 298 780 355 in
803 297 963 374 praedictis
979 299 1033 357 he·

82 376 121 439 ris
145 379 283 439 laudatur
313 377 350 436 ab
373 378 532 446 Ecclesia,
558 379 717 456 inquibus
748 396 838 456 opera
862 394 934 456 prae
958 386 1036 440 cete·

79 461 154 520 teris
177 460 301 537 insignia
318 460 456 536 dignatus
471 451 642 525 est-iacere.
667 459 762 520 Nocte
778 461 857 519 enim
876 462 973 522 media
989 478 1037 520 ua·

74 548 131 601 tus
153 548 198 602 est
218 542 414 618 de'Virgine,
439 542 570 602 diluculo
593 543 736 612 surrexit,
753 542 828 602 hera
852 544 948 618 prima
971 555 1037 602 mu'-
1067 581 1071 588 -
1181 531 1187 540 ’

81 621 205 684 lienibus
228 624 265 684 ab
281 625 403 700 Angelis
419 625 559 685 nunciata
581 630 627 684 est
648 623 854 690 Resurrectio,
880 625 955 684 hera
976 631 1037 683 ter·

84 706 123 766 lia
147 705 276 780 Spiritus
293 704 418 766 Sanctus
441 705 638 767 inflammarit
653 705 833 781 Apostolos,
856 706 932 764 hora
954 711 1037 765 sexta

83 785 241 848 crucifixus
258 791 302 846 est
324 785 484 856 Dominus,
509 787 585 848 hora
602 805 677 846 uena
700 787 800 846 emisit
813 787 957 864 Spiritum
982 802 1036 862 pro

83 869 177 929 salute
194 868 309 929 mundi.
328 867 360 928 ln
372 871 505 944 vesperis
517 872 791 928 commemoramus
802 871 965 933 adveutum
978 869 1038 928 llo·
1107 937 1113 947 ·

82 951 155 1007 mini
177 952 208 1009 iu
224 950 325 1009 mundi
342 967 478 1026 vespere.
504 951 536 1010 ln
553 949 756 1026 Corripietorio
778 951 962 1026 completum
979 951 1039 1010 erit

83 1031 222 1106 gaudium
240 1030 416 1092 Sanctorum
441 1034 470 1090 in
486 1033 533 1092 die
557 1033 705 1110 generalis
727 1033 945 1092 retributionis.
971 1032 1038 1092 Alia

83 1113 160 1172 ratio
175 1116 308 1172 omnium
325 1114 506 1188 scriptorum
529 1115 644 1174 calculo
660 1117 854 1190 approbatur,
872 1112 962 1190 quam
978 1115 1039 1174 cle-

85 1201 190 1270 gauter
211 1193 360 1270 explicant
381 1195 533 1256 Rubenius
556 1197 678 1262 nubas,
698 1201 737 1256 ‚et
757 1195 883 1255 Gemma
906 1197 1035 1255 animae.
1149 1193 1153 1200 ’

83 1276 129 1335 Ad
152 1279 385 1336 conservandam
410 1278 489 1336 euim
519 1279 657 1354 copiosae
680 1274 903 1352 Redemptieuis
926 1295 1039 1335 memo-

84 1361 207 1418 moriam
231 1361 341 1434 septies
370 1359 399 1417 in
422 1359 469 1418 die
492 1359 610 1418 laudern
634 1359 760 1419 dicimus
783 1357 930 1429 Domino,
953 1357 1037 1436 justa

81 1440 304 1518 vulgatissimos
327 1439 449 1500 Glossae
471 1440 647 1519 versiculos.
737 1449 740 1455 ’

48 1564 51 1575 “
164 1561 244 1622 Haec
267 1573 336 1630 sunl
358 1567 483 1642 septenis
500 1575 623 1644 propter
645 1582 727 1644 qnae*
738 1564 896 1642 psallimus
917 1565 1008 1624 heris.

164 1643 321 1706 Mnlntlna
344 1647 419 1722 lipol
445 1646 608 1716 Christum,
633 1648 685 1724 qul
708 1646 839 1705 crimino
859 1655 981 1724 perpet.

168 1724 276 1786 Primo
298 1729 392 1804 replet
414 1728 676 1804 struthocamelo
698 1727 751 1803 dot
778 1725 878 1786 Tortia
898 1728 1015 1787 mortis.

170 1805 265 1868 Sento
289 1808 383 1869 Cruci
406 1810 508 1868 nectit.
533 1805 625 1868 Lotus
648 1812 712 1888 ojus
733 1807 824 1868 Nono
846 1809 978 1888 bipertit.
1029 1861 1033 1866 .

170 1891 296 1969 Vespero
320 1889 449 1970 deponit.
479 1887 600 1951 Tumnlo
626 1889 777 1968 Complelo
801 1893 931 1972 reponit.

18 2077 19 2086 ,
81 2013 213 2076 Pulchra
237 2016 310 2076 ratio
333 2024 372 2077 ex'
386 2018 482 2094 capite
503 2018 650 2096 vigesimo
672 2015 817 2078 Matthaei
840 2020 920 2078 clare
944 2016 1038 2076 dedu·

83 2099 172 2158 citur.
198 2095 362 2160 Enimvero
390 2100 529 2160 coelestis
551 2097 767 2158 Paterfamilias
795 2099 949 2175 operarios
971 2098 1043 2157 mit·

85 2187 148 2240 teus
170 2179 200 2238 iu
216 2180 335 2240 vineam
358 2183 457 2257 primo
480 2199 580 2250 mane,
599 2181 699 2251 tertia,
716 2186 811 2250 sexta,
830 2199 919 2249 nona,
944 2186 974 2238 et
989 2198 1039 2247 un-

82 2261 199 2321 decima
222 2261 319 2333 hora,
343 2269 374 2324 et
396 2280 466 2322 cum
490 2282 557 2324 sere
574 2268 661 2322 esset
683 2263 807 2330 iactum,
832 2260 1041 2322 reddens'iliis

19 2351 20 2354 ’
80 2344 267 2413 mercedem,
286 2345 338 2404 iras
361 2346 522 2422 praecipue
546 2345 637 2404 horas
653 2344 752 2403 divino
773 2344 896 2404 servitio
918 2344 1042 2418 deputa·

79 2426 133 2495 vit,
162 2434 196 2485 ut
216 2426 306 2486 docet
327 2425 486 2487 Cassianus
508 2427 574 2487 Lib.
589 2425 632 2486 Ill
655 2424 692 2485 cle
704 2423 900 2486 Institutione
916 2424 1039 2486 Coenoh.

78 2507 155 2584 Cap.
181 2506 211 2566 3.
235 2504 375 2568 Ceterum
408 2501 482 2568 nora
505 2510 601 2584 prima
622 2507 711 2578 ,iilud
738 2508 804 2567 aevi
827 2507 950 2567 denotat
975 2521 1042 2579 spa-

78 2591 172 2658 tium,
198 2591 276 2665 qued
294 2589 349 2649 init
370 2591 407 2650 ab
424 2589 541 2648 Adamo
558 2606 652 2666 usque
668 2589 705 2648 ad
721 2587 797 2647 Noe.
821 2587 924 2648 Tertia
945 2583 1041 2646 aNoc

77 2687 179 2748 usque
209 2669 244 2728 ad
270 2669 422 2732 Abraham
455 2672 604 2746 producta
624 2673 680 2730 est.
712 2669 802 2730 Sexta
824 2671 862 2728 ab
885 2667 1041 2728 Abraham

80 2769 179 2828 usque
203 2751 239 2810 ad
262 2751 397 2830 Meysen.
422 2750 506 2810 Nona
530 2750 675 2830 aMoyse
697 2752 849 2828 usquead
872 2750 1040 2822 Christum.

80 2831 248 2896 Undecima
270 2833 421 2893 aCluisto
442 2833 587 2912 incipiens
610 2833 639 2892 in
663 2837 798 2893 extrema
819 2831 922 2910 judicii
945 2830 992 2891 die
1006 2828 1041 2888 sr-

81 2934 152 2976 uem
176 2915 311 2976 habebit.
336 2915 381 2976 lta
404 2914 561 2993 Origenes,
586 2911 751 2991 Gregorius
772 2913 908 2989 Magnus,
932 2911 1042 2972 Hiero-

82 3015 208 3074 nymus,
233 2993 483 3076 Chrysostomus,
508 2995 749 3075 Teophyiactes,
774 2996 866 3065 Beda,
889 2992 1039 3062 Hilarius,

82 3084 113 3148 cl
134 3077 314 3154 Fulgentius
335 3061 586 3155 interpretintur.
760 3142 764 3149 ,
1030 3111 1032 3116 .

124 3158 164 3220 V.
190 3150 390 3234 nugrrsurius,
414 3160 590 3238 Gregorius,
614 3158 832 3238 Hieronymus,
850 3152 1043 3234 Theophyla·

84 3245 152 3300 clus
175 3247 206 3302 et
229 3239 409 3311 Honorius,
439 3259 493 3318 per
515 3242 606 3303 horas
634 3243 692 3303 diei
715 3244 829 3300 aetates
856 3239 1040 3306 homiuum,

85 3323 224 3394 quamvis
248 3341 315 3382 uon
328 3325 449 3384 omnino
464 3323 552 3382 simili
569 3325 776 3400 explicatione,
793 3324 1038 3398 interpretantur.

85 3399 252 3465 Matutioae
275 3404 378 3466 laudes
399 3405 530 3481 primam
553 3412 682 3465 aetatem
704 3405 862 3473 denotant,
887 3418 977 3478 quam
999 3400 1043 3458 in·

84 3481 211 3544 santiam
233 3487 339 3563 aliqui,
364 3485 528 3564 pueritiam
550 3486 599 3545 alii
614 3490 733 3544 vocant.
758 3484 859 3544 Prima
880 3484 937 3542 diei
953 3481 1040 3548 hora,

85 3580 156 3625 cum
178 3565 239 3644 jam
257 3586 289 3629 se
305 3570 410 3646 purior
432 3569 529 3629 exerit
544 3568 614 3628 solis
629 3566 742 3636 radius,
759 3563 977 3627 adolescentiae
998 3560 1042 3620 in·
