<?xml version="1.0" encoding="UTF-8"?>
<!DOCTYPE html PUBLIC "-//W3C//DTD XHTML 1.0 Transitional//EN"
    "http://www.w3.org/TR/xhtml1/DTD/xhtml1-transitional.dtd">
<html xmlns="http://www.w3.org/1999/xhtml" xml:lang="en" lang="en">
 <head>
  <title>
</title>
<meta http-equiv="Content-Type" content="text/html;charset=utf-8" />
  <meta name='ocr-system' content='tesseract 3.04.00' />
  <meta name='ocr-capabilities' content='ocr_page ocr_carea ocr_par ocr_line ocrx_word'/>
</head>
<body>
  <div class='ocr_page' id='page_1' title='image "./institutionesli01marigoog_0068.png"; bbox 0 0 2567 4042; ppageno 0'>
   <div class='ocr_carea' id='block_1_1' title="bbox 569 172 776 269">
    <p class='ocr_par' dir='ltr' id='par_1_1' title="bbox 569 172 776 269">
     <span class='ocr_line' id='line_1_1' title="bbox 569 172 776 269; baseline 0.043 -35"><span class='ocrx_word' id='word_1_1' title='bbox 569 172 776 269; x_wconf 54' lang='lat' dir='ltr'>wilim-</span> 
     </span>
    </p>
   </div>
   <div class='ocr_carea' id='block_1_2' title="bbox 199 300 1274 386">
    <p class='ocr_par' dir='ltr' id='par_1_2' title="bbox 199 300 1274 386">
     <span class='ocr_line' id='line_1_2' title="bbox 199 300 1274 386; baseline -0.001 -24"><span class='ocrx_word' id='word_1_2' title='bbox 199 302 284 363; x_wconf 90' lang='lat' dir='ltr'>dines</span> <span class='ocrx_word' id='word_1_3' title='bbox 305 316 412 364; x_wconf 87' lang='lat' dir='ltr'>revera</span> <span class='ocrx_word' id='word_1_4' title='bbox 434 303 512 364; x_wconf 87' lang='lat' dir='ltr'>sacri</span> <span class='ocrx_word' id='word_1_5' title='bbox 532 302 609 373; x_wconf 89' lang='lat' dir='ltr'>sint,</span> <span class='ocrx_word' id='word_1_6' title='bbox 626 308 689 364; x_wconf 92' lang='lat' dir='ltr'>tres</span> <span class='ocrx_word' id='word_1_7' title='bbox 704 307 804 363; x_wconf 90' lang='lat' dir='ltr'>tamen</span> <span class='ocrx_word' id='word_1_8' title='bbox 826 301 873 361; x_wconf 86' lang='lat' dir='ltr'>isti</span> <span class='ocrx_word' id='word_1_9' title='bbox 889 300 1094 379; x_wconf 74' lang='lat' dir='ltr'>peculiariter,</span> <span class='ocrx_word' id='word_1_10' title='bbox 1112 301 1152 361; x_wconf 94' lang='lat' dir='ltr'>ob</span> <span class='ocrx_word' id='word_1_11' title='bbox 1271 344 1274 386; x_wconf 35' lang='grc' dir='ltr'><strong><em>Ἰ</em></strong></span> 
     </span>
    </p>
   </div>
   <div class='ocr_carea' id='block_1_3' title="bbox 195 381 1151 949">
    <p class='ocr_par' dir='ltr' id='par_1_3' title="bbox 195 381 1151 949">
     <span class='ocr_line' id='line_1_3' title="bbox 195 381 1146 462; baseline -0.005 -17"><span class='ocrx_word' id='word_1_12' title='bbox 195 402 266 445; x_wconf 88' lang='lat' dir='ltr'>eam</span> <span class='ocrx_word' id='word_1_13' title='bbox 287 400 411 445; x_wconf 89' lang='lat' dir='ltr'>causam</span> <span class='ocrx_word' id='word_1_14' title='bbox 431 389 465 445; x_wconf 86' lang='lat' dir='ltr'>ct</span> <span class='ocrx_word' id='word_1_15' title='bbox 484 386 569 461; x_wconf 85' lang='lat' dir='ltr'>quasi</span> <span class='ocrx_word' id='word_1_16' title='bbox 590 402 646 462; x_wconf 87' lang='lat' dir='ltr'>per</span> <span class='ocrx_word' id='word_1_17' title='bbox 660 385 881 449; x_wconf 81' lang='lat' dir='ltr'>excellentiam,</span> <span class='ocrx_word' id='word_1_18' title='bbox 898 383 975 443; x_wconf 86' lang='lat' dir='ltr'>sacri</span> <span class='ocrx_word' id='word_1_19' title='bbox 988 381 1146 449; x_wconf 79' lang='lat' dir='ltr'>dicuutur.</span> 
     </span>
     <span class='ocr_line' id='line_1_4' title="bbox 197 463 1151 544; baseline -0.002 -19"><span class='ocrx_word' id='word_1_20' title='bbox 197 464 375 543; x_wconf 80' lang='lat' dir='ltr'>Antiquitas</span> <span class='ocrx_word' id='word_1_21' title='bbox 402 465 524 542; x_wconf 87' lang='lat' dir='ltr'>quidem</span> <span class='ocrx_word' id='word_1_22' title='bbox 546 467 753 538; x_wconf 84' lang='lat' dir='ltr'>Diaconatus,</span> <span class='ocrx_word' id='word_1_23' title='bbox 777 484 813 527; x_wconf 89' lang='lat' dir='ltr'>ac</span> <span class='ocrx_word' id='word_1_24' title='bbox 834 463 1064 544; x_wconf 76' lang='lat' dir='ltr'>Presbyteratus</span> <span class='ocrx_word' id='word_1_25' title='bbox 1084 468 1151 523; x_wconf 86' lang='lat' dir='ltr'>tan·</span> 
     </span>
     <span class='ocr_line' id='line_1_5' title="bbox 195 544 1149 625; baseline -0.004 -16"><span class='ocrx_word' id='word_1_26' title='bbox 195 554 261 609; x_wconf 82' lang='lat' dir='ltr'>turn</span> <span class='ocrx_word' id='word_1_27' title='bbox 283 565 320 609; x_wconf 90' lang='lat' dir='ltr'>eo</span> <span class='ocrx_word' id='word_1_28' title='bbox 343 548 463 609; x_wconf 90' lang='lat' dir='ltr'>nomine</span> <span class='ocrx_word' id='word_1_29' title='bbox 482 548 702 614; x_wconf 66' lang='lat' dir='ltr'><strong>censebantur,</strong></span> <span class='ocrx_word' id='word_1_30' title='bbox 726 548 836 625; x_wconf 82' lang='lat' dir='ltr'>quibus</span> <span class='ocrx_word' id='word_1_31' title='bbox 854 544 1042 623; x_wconf 88' lang='lat' dir='ltr'>postmodum</span> <span class='ocrx_word' id='word_1_32' title='bbox 1066 547 1149 605; x_wconf 89' lang='lat' dir='ltr'>circa</span> 
     </span>
     <span class='ocr_line' id='line_1_6' title="bbox 195 624 1147 705; baseline -0.003 -16"><span class='ocrx_word' id='word_1_33' title='bbox 195 626 287 705; x_wconf 80' lang='lat' dir='ltr'>finem</span> <span class='ocrx_word' id='word_1_34' title='bbox 317 628 436 689; x_wconf 83' lang='lat' dir='ltr'>Saeculi</span> <span class='ocrx_word' id='word_1_35' title='bbox 458 626 521 689; x_wconf 83' lang='grc' dir='ltr'>ΧΠ</span> <span class='ocrx_word' id='word_1_36' title='bbox 549 628 788 690; x_wconf 73' lang='lat' dir='ltr'>subdiaconatus</span> <span class='ocrx_word' id='word_1_37' title='bbox 821 630 911 689; x_wconf 90' lang='lat' dir='ltr'>etiam</span> <span class='ocrx_word' id='word_1_38' title='bbox 939 631 985 688; x_wconf 87' lang='lat' dir='ltr'>est</span> <span class='ocrx_word' id='word_1_39' title='bbox 1015 624 1147 699; x_wconf 87' lang='lat' dir='ltr'>additus.</span> 
     </span>
     <span class='ocr_line' id='line_1_7' title="bbox 195 709 1150 787; baseline -0.001 -17"><span class='ocrx_word' id='word_1_40' title='bbox 195 709 360 787; x_wconf 79' lang='lat' dir='ltr'>Antiquam</span> <span class='ocrx_word' id='word_1_41' title='bbox 383 710 537 771; x_wconf 80' lang='lat' dir='ltr'>Ecclesiae</span> <span class='ocrx_word' id='word_1_42' title='bbox 559 712 657 787; x_wconf 90' lang='lat' dir='ltr'>legem</span> <span class='ocrx_word' id='word_1_43' title='bbox 680 728 761 781; x_wconf 86' lang='lat' dir='ltr'>esse,</span> <span class='ocrx_word' id='word_1_44' title='bbox 785 721 821 771; x_wconf 85' lang='lat' dir='ltr'>ut</span> <span class='ocrx_word' id='word_1_45' title='bbox 841 728 927 769; x_wconf 85' lang='lat' dir='ltr'>asmo</span> <span class='ocrx_word' id='word_1_46' title='bbox 949 710 1077 769; x_wconf 83' lang='lat' dir='ltr'>obsolute</span> <span class='ocrx_word' id='word_1_47' title='bbox 1098 728 1150 769; x_wconf 83' lang='lat' dir='ltr'>or·</span> 
     </span>
     <span class='ocr_line' id='line_1_8' title="bbox 196 786 1147 860; baseline -0.001 -10"><span class='ocrx_word' id='word_1_48' title='bbox 196 790 337 860; x_wconf 82' lang='lat' dir='ltr'>dicetur,</span> <span class='ocrx_word' id='word_1_49' title='bbox 361 792 440 851; x_wconf 85' lang='lat' dir='ltr'>idest</span> <span class='ocrx_word' id='word_1_50' title='bbox 461 793 516 851; x_wconf 87' lang='lat' dir='ltr'>bisi</span> <span class='ocrx_word' id='word_1_51' title='bbox 538 799 640 854; x_wconf 89' lang='lat' dir='ltr'>certae</span> <span class='ocrx_word' id='word_1_52' title='bbox 661 792 751 853; x_wconf 90' lang='lat' dir='ltr'>alicui</span> <span class='ocrx_word' id='word_1_53' title='bbox 773 790 925 852; x_wconf 81' lang='lat' dir='ltr'>Ecclesiae</span> <span class='ocrx_word' id='word_1_54' title='bbox 948 786 1147 860; x_wconf 81' lang='lat' dir='ltr'>adscribatur,</span> 
     </span>
     <span class='ocr_line' id='line_1_9' title="bbox 197 870 1146 949; baseline -0.001 -17"><span class='ocrx_word' id='word_1_55' title='bbox 197 874 228 932; x_wconf 93' lang='lat' dir='ltr'>in</span> <span class='ocrx_word' id='word_1_56' title='bbox 249 891 308 949; x_wconf 83' lang='lat' dir='ltr'>qua</span> <span class='ocrx_word' id='word_1_57' title='bbox 330 890 415 933; x_wconf 83' lang='lat' dir='ltr'>sacra</span> <span class='ocrx_word' id='word_1_58' title='bbox 436 874 603 935; x_wconf 85' lang='lat' dir='ltr'>ministeria</span> <span class='ocrx_word' id='word_1_59' title='bbox 625 874 732 941; x_wconf 88' lang='lat' dir='ltr'>obeat,</span> <span class='ocrx_word' id='word_1_60' title='bbox 755 880 787 935; x_wconf 88' lang='lat' dir='ltr'>et</span> <span class='ocrx_word' id='word_1_61' title='bbox 809 892 846 934; x_wconf 82' lang='lat' dir='ltr'>ex</span> <span class='ocrx_word' id='word_1_62' title='bbox 868 870 955 949; x_wconf 81' lang='lat' dir='ltr'>cujus</span> <span class='ocrx_word' id='word_1_63' title='bbox 978 871 1146 941; x_wconf 82' lang='lat' dir='ltr'>reditibus,</span> 
     </span>
    </p>
   </div>
   <div class='ocr_carea' id='block_1_4' title="bbox 194 929 1274 1113">
    <p class='ocr_par' dir='ltr' id='par_1_4' title="bbox 194 929 1274 1113">
     <span class='ocr_line' id='line_1_10' title="bbox 195 929 1274 1033; baseline 0 -22"><span class='ocrx_word' id='word_1_64' title='bbox 195 956 244 1015; x_wconf 81' lang='lat' dir='ltr'>uel</span> <span class='ocrx_word' id='word_1_65' title='bbox 267 954 496 1014; x_wconf 79' lang='lat' dir='ltr'>obventionibus</span> <span class='ocrx_word' id='word_1_66' title='bbox 511 957 622 1023; x_wconf 90' lang='lat' dir='ltr'>alatur,</span> <span class='ocrx_word' id='word_1_67' title='bbox 639 956 758 1033; x_wconf 80' lang='lat' dir='ltr'>egregie</span> <span class='ocrx_word' id='word_1_68' title='bbox 782 955 911 1015; x_wconf 88' lang='lat' dir='ltr'>ostendit</span> <span class='ocrx_word' id='word_1_69' title='bbox 924 953 1147 1014; x_wconf 90' lang='lat' dir='ltr'>eruditissimus</span> <span class='ocrx_word' id='word_1_70' title='bbox 1260 929 1274 963; x_wconf 51' lang='lat'><em>³</em></span> 
     </span>
     <span class='ocr_line' id='line_1_11' title="bbox 194 1030 1272 1113; baseline -0.002 -16"><span class='ocrx_word' id='word_1_71' title='bbox 194 1034 338 1097; x_wconf 84' lang='lat' dir='ltr'>Catalano</span> <span class='ocrx_word' id='word_1_72' title='bbox 358 1035 453 1095; x_wconf 87' lang='lat' dir='ltr'>Turno</span> <span class='ocrx_word' id='word_1_73' title='bbox 475 1038 574 1113; x_wconf 91' lang='lat' dir='ltr'>primo</span> <span class='ocrx_word' id='word_1_74' title='bbox 587 1034 791 1097; x_wconf 81' lang='lat' dir='ltr'>Conciliorum</span> <span class='ocrx_word' id='word_1_75' title='bbox 814 1038 843 1096; x_wconf 93' lang='lat' dir='ltr'>in</span> <span class='ocrx_word' id='word_1_76' title='bbox 858 1034 1081 1096; x_wconf 85' lang='lat' dir='ltr'>Commentario</span> <span class='ocrx_word' id='word_1_77' title='bbox 1095 1030 1150 1093; x_wconf 85' lang='lat' dir='ltr'>Ca·</span> <span class='ocrx_word' id='word_1_78' title='bbox 1270 1093 1272 1095; x_wconf 78' lang='grc'>,</span> 
     </span>
    </p>
   </div>
   <div class='ocr_carea' id='block_1_5' title="bbox 194 1112 1149 1359">
    <p class='ocr_par' dir='ltr' id='par_1_5' title="bbox 194 1112 1149 1359">
     <span class='ocr_line' id='line_1_12' title="bbox 194 1112 1148 1197; baseline -0.004 -20"><span class='ocrx_word' id='word_1_79' title='bbox 194 1117 280 1177; x_wconf 91' lang='lat' dir='ltr'>nonis</span> <span class='ocrx_word' id='word_1_80' title='bbox 300 1116 346 1176; x_wconf 85' lang='lat' dir='ltr'>Vl</span> <span class='ocrx_word' id='word_1_81' title='bbox 366 1116 628 1185; x_wconf 62' lang='lat' dir='ltr'>Chalcedonensis</span> <span class='ocrx_word' id='word_1_82' title='bbox 653 1118 742 1197; x_wconf 85' lang='lat' dir='ltr'>cujus</span> <span class='ocrx_word' id='word_1_83' title='bbox 763 1118 855 1179; x_wconf 84' lang='lat' dir='ltr'>rerba</span> <span class='ocrx_word' id='word_1_84' title='bbox 877 1118 953 1179; x_wconf 88' lang='lat' dir='ltr'>bace</span> <span class='ocrx_word' id='word_1_85' title='bbox 975 1120 1056 1177; x_wconf 89' lang='lat' dir='ltr'>sunt:</span> <span class='ocrx_word' id='word_1_86' title='bbox 1073 1112 1148 1177; x_wconf 87' lang='lat' dir='ltr'>Nul-</span> 
     </span>
     <span class='ocr_line' id='line_1_13' title="bbox 195 1196 1148 1277; baseline -0.004 -18"><span class='ocrx_word' id='word_1_87' title='bbox 195 1200 259 1259; x_wconf 84' lang='lat' dir='ltr'>lum</span> <span class='ocrx_word' id='word_1_88' title='bbox 279 1199 411 1259; x_wconf 86' lang='lat' dir='ltr'>absolute</span> <span class='ocrx_word' id='word_1_89' title='bbox 422 1198 574 1260; x_wconf 83' lang='lat' dir='ltr'>ordinari</span> <span class='ocrx_word' id='word_1_90' title='bbox 589 1196 812 1277; x_wconf 76' lang='lat' dir='ltr'>Presbyterum,</span> <span class='ocrx_word' id='word_1_91' title='bbox 829 1209 883 1259; x_wconf 87' lang='lat' dir='ltr'>aut</span> <span class='ocrx_word' id='word_1_92' title='bbox 898 1200 1077 1265; x_wconf 79' lang='lat' dir='ltr'>Diaconum,</span> <span class='ocrx_word' id='word_1_93' title='bbox 1094 1214 1148 1275; x_wconf 83' lang='lat' dir='ltr'>uec</span> 
     </span>
     <span class='ocr_line' id='line_1_14' title="bbox 194 1278 1149 1359; baseline -0.003 -20"><span class='ocrx_word' id='word_1_94' title='bbox 194 1280 352 1359; x_wconf 82' lang='lat' dir='ltr'>quemlibet</span> <span class='ocrx_word' id='word_1_95' title='bbox 372 1282 407 1341; x_wconf 83' lang='lat' dir='ltr'>iu</span> <span class='ocrx_word' id='word_1_96' title='bbox 423 1280 524 1359; x_wconf 80' lang='lat' dir='ltr'>prada</span> <span class='ocrx_word' id='word_1_97' title='bbox 539 1279 754 1350; x_wconf 81' lang='lat' dir='ltr'>Ecclesiastico,</span> <span class='ocrx_word' id='word_1_98' title='bbox 770 1282 832 1341; x_wconf 87' lang='lat' dir='ltr'>uisi</span> <span class='ocrx_word' id='word_1_99' title='bbox 852 1280 1020 1359; x_wconf 82' lang='lat' dir='ltr'>specialiter</span> <span class='ocrx_word' id='word_1_100' title='bbox 1040 1278 1076 1336; x_wconf 87' lang='lat' dir='ltr'>iu</span> <span class='ocrx_word' id='word_1_101' title='bbox 1089 1278 1149 1339; x_wconf 85' lang='lat' dir='ltr'>Ec-</span> 
     </span>
    </p>
   </div>
   <div class='ocr_carea' id='block_1_6' title="bbox 86 1356 1148 1441">
    <p class='ocr_par' dir='ltr' id='par_1_6' title="bbox 86 1356 1148 1441">
     <span class='ocr_line' id='line_1_15' title="bbox 86 1356 1148 1441; baseline -0.006 -18"><span class='ocrx_word' id='word_1_102' title='bbox 86 1409 94 1415; x_wconf 89' lang='lat'>.</span> <span class='ocrx_word' id='word_1_103' title='bbox 194 1361 460 1432; x_wconf 64' lang='lat' dir='ltr'>eissimCicitatis,</span> <span class='ocrx_word' id='word_1_104' title='bbox 482 1373 536 1423; x_wconf 89' lang='lat' dir='ltr'>aut</span> <span class='ocrx_word' id='word_1_105' title='bbox 557 1360 646 1439; x_wconf 82' lang='lat' dir='ltr'>Papi,</span> <span class='ocrx_word' id='word_1_106' title='bbox 670 1372 725 1422; x_wconf 89' lang='lat' dir='ltr'>aut</span> <span class='ocrx_word' id='word_1_107' title='bbox 747 1359 913 1441; x_wconf 72' lang='lat' dir='ltr'>Martyria·</span> <span class='ocrx_word' id='word_1_108' title='bbox 926 1371 982 1436; x_wconf 82' lang='lat' dir='ltr'>aut</span> <span class='ocrx_word' id='word_1_109' title='bbox 996 1356 1148 1421; x_wconf 82' lang='lat' dir='ltr'>Moreasre-</span> 
     </span>
    </p>
   </div>
   <div class='ocr_carea' id='block_1_7' title="bbox 192 1440 1145 1522">
    <p class='ocr_par' dir='ltr' id='par_1_7' title="bbox 192 1440 1145 1522">
     <span class='ocr_line' id='line_1_16' title="bbox 192 1440 1145 1522; baseline -0.004 -19"><span class='ocrx_word' id='word_1_110' title='bbox 192 1442 249 1511; x_wconf 81' lang='lat' dir='ltr'>rio,</span> <span class='ocrx_word' id='word_1_111' title='bbox 273 1441 327 1522; x_wconf 82' lang='lat' dir='ltr'>qui</span> <span class='ocrx_word' id='word_1_112' title='bbox 348 1442 537 1503; x_wconf 86' lang='lat' dir='ltr'>ordinandus</span> <span class='ocrx_word' id='word_1_113' title='bbox 558 1451 610 1511; x_wconf 85' lang='lat' dir='ltr'>est,</span> <span class='ocrx_word' id='word_1_114' title='bbox 630 1447 872 1519; x_wconf 79' lang='lat' dir='ltr'>pronuntietur..</span> <span class='ocrx_word' id='word_1_115' title='bbox 891 1440 953 1517; x_wconf 88' lang='lat' dir='ltr'>Qui</span> <span class='ocrx_word' id='word_1_116' title='bbox 975 1459 1042 1503; x_wconf 87' lang='lat' dir='ltr'>aare</span> <span class='ocrx_word' id='word_1_117' title='bbox 1064 1442 1145 1503; x_wconf 82' lang='lat' dir='ltr'>abac·</span> 
     </span>
    </p>
   </div>
   <div class='ocr_carea' id='block_1_8' title="bbox 192 1521 1262 1603">
    <p class='ocr_par' dir='ltr' id='par_1_8' title="bbox 192 1521 1262 1603">
     <span class='ocr_line' id='line_1_17' title="bbox 192 1521 1262 1603; baseline -0.003 -20"><span class='ocrx_word' id='word_1_118' title='bbox 192 1523 254 1583; x_wconf 74' lang='lat' dir='ltr'>lu&#39;te</span> <span class='ocrx_word' id='word_1_119' title='bbox 276 1523 452 1592; x_wconf 83' lang='lat' dir='ltr'>ordinatur,</span> <span class='ocrx_word' id='word_1_120' title='bbox 470 1523 601 1585; x_wconf 85' lang='lat' dir='ltr'>decreuit</span> <span class='ocrx_word' id='word_1_121' title='bbox 616 1524 732 1584; x_wconf 82' lang='lat' dir='ltr'>Sancto</span> <span class='ocrx_word' id='word_1_122' title='bbox 745 1524 883 1603; x_wconf 81' lang='lat' dir='ltr'>Syuodus</span> <span class='ocrx_word' id='word_1_123' title='bbox 903 1525 1026 1586; x_wconf 83' lang='lat' dir='ltr'>irritam</span> <span class='ocrx_word' id='word_1_124' title='bbox 1044 1523 1149 1581; x_wconf 84' lang='lat' dir='ltr'>baberi</span> <span class='ocrx_word' id='word_1_125' title='bbox 1261 1521 1262 1525; x_wconf 72' lang='grc'>’</span> 
     </span>
    </p>
   </div>
   <div class='ocr_carea' id='block_1_9' title="bbox 193 1603 1148 1684">
    <p class='ocr_par' dir='ltr' id='par_1_9' title="bbox 193 1603 1148 1684">
     <span class='ocr_line' id='line_1_18' title="bbox 193 1603 1148 1684; baseline -0.001 -21"><span class='ocrx_word' id='word_1_126' title='bbox 193 1603 401 1684; x_wconf 71' lang='lat' dir='ltr'>hujuscemodi</span> <span class='ocrx_word' id='word_1_127' title='bbox 427 1624 535 1665; x_wconf 84' lang='lat' dir='ltr'>manus</span> <span class='ocrx_word' id='word_1_128' title='bbox 565 1607 809 1682; x_wconf 85' lang='lat' dir='ltr'>impositionem,</span> <span class='ocrx_word' id='word_1_129' title='bbox 834 1616 861 1665; x_wconf 88' lang='lat' dir='ltr'>st</span> <span class='ocrx_word' id='word_1_130' title='bbox 881 1624 1036 1684; x_wconf 84' lang='lat' dir='ltr'>uunquam</span> <span class='ocrx_word' id='word_1_131' title='bbox 1063 1620 1148 1683; x_wconf 85' lang='lat' dir='ltr'>posse</span> 
     </span>
    </p>
   </div>
   <div class='ocr_carea' id='block_1_10' title="bbox 191 1684 1274 2176">
    <p class='ocr_par' dir='ltr' id='par_1_10' title="bbox 191 1671 1274 2176">
     <span class='ocr_line' id='line_1_19' title="bbox 193 1684 1263 1767; baseline -0.001 -24"><span class='ocrx_word' id='word_1_132' title='bbox 193 1685 383 1751; x_wconf 83' lang='lat' dir='ltr'>ministrare,</span> <span class='ocrx_word' id='word_1_133' title='bbox 407 1684 448 1745; x_wconf 86' lang='lat' dir='ltr'>ad</span> <span class='ocrx_word' id='word_1_134' title='bbox 468 1686 641 1747; x_wconf 84' lang='lat' dir='ltr'>ordinantis</span> <span class='ocrx_word' id='word_1_135' title='bbox 662 1688 824 1767; x_wconf 78' lang='lat' dir='ltr'>iujuriam.</span> <span class='ocrx_word' id='word_1_136' title='bbox 842 1685 956 1745; x_wconf 90' lang='lat' dir='ltr'>Eadem</span> <span class='ocrx_word' id='word_1_137' title='bbox 980 1688 1080 1763; x_wconf 87' lang='lat' dir='ltr'>legera</span> <span class='ocrx_word' id='word_1_138' title='bbox 1102 1689 1149 1745; x_wconf 86' lang='lat' dir='ltr'>est</span> <span class='ocrx_word' id='word_1_139' title='bbox 1258 1757 1263 1766; x_wconf 35' lang='grc' dir='ltr'>Ι</span> 
     </span>
     <span class='ocr_line' id='line_1_20' title="bbox 191 1815 1274 1924; baseline -0.001 -19"><span class='ocrx_word' id='word_1_140' title='bbox 191 1844 227 1906; x_wconf 83' lang='grc' dir='ltr'>Ρ.</span> <span class='ocrx_word' id='word_1_141' title='bbox 251 1845 343 1924; x_wconf 89' lang='lat' dir='ltr'>Hugo</span> <span class='ocrx_word' id='word_1_142' title='bbox 365 1847 529 1908; x_wconf 85' lang='lat' dir='ltr'>blenardus</span> <span class='ocrx_word' id='word_1_143' title='bbox 552 1850 580 1907; x_wconf 91' lang='lat' dir='ltr'>in</span> <span class='ocrx_word' id='word_1_144' title='bbox 604 1849 683 1908; x_wconf 86' lang='lat' dir='ltr'>nolis</span> <span class='ocrx_word' id='word_1_145' title='bbox 706 1855 737 1910; x_wconf 92' lang='lat' dir='ltr'>et</span> <span class='ocrx_word' id='word_1_146' title='bbox 757 1848 1016 1911; x_wconf 77' lang='lat' dir='ltr'>observationibus</span> <span class='ocrx_word' id='word_1_147' title='bbox 1036 1848 1073 1907; x_wconf 91' lang='lat' dir='ltr'>ad</span> <span class='ocrx_word' id='word_1_148' title='bbox 1100 1844 1147 1905; x_wconf 91' lang='lat' dir='ltr'>Li·</span> <span class='ocrx_word' id='word_1_149' title='bbox 1257 1815 1274 1868; x_wconf 53' lang='lat'>¹¹</span> 
     </span>
     <span class='ocr_line' id='line_1_21' title="bbox 192 1928 1262 2008; baseline 0.002 -20"><span class='ocrx_word' id='word_1_150' title='bbox 192 1928 283 1988; x_wconf 88' lang='lat' dir='ltr'>brum</span> <span class='ocrx_word' id='word_1_151' title='bbox 305 1928 581 1990; x_wconf 79' lang='lat' dir='ltr'>sacramentarium</span> <span class='ocrx_word' id='word_1_152' title='bbox 603 1929 634 1989; x_wconf 87' lang='lat' dir='ltr'>S.</span> <span class='ocrx_word' id='word_1_153' title='bbox 651 1930 790 2007; x_wconf 84' lang='lat' dir='ltr'>Gregorii</span> <span class='ocrx_word' id='word_1_154' title='bbox 806 1930 915 2008; x_wconf 89' lang='lat' dir='ltr'>Papae.</span> <span class='ocrx_word' id='word_1_155' title='bbox 933 1929 1092 1990; x_wconf 79' lang='lat' dir='ltr'>Orationes</span> <span class='ocrx_word' id='word_1_156' title='bbox 1114 1946 1148 1989; x_wconf 86' lang='lat' dir='ltr'>e·</span> <span class='ocrx_word' id='word_1_157' title='bbox 1254 1939 1262 1990; x_wconf 71' lang='lat' dir='ltr'>i</span> 
     </span>
     <span class='ocr_line' id='line_1_22' title="bbox 192 2008 1274 2089; baseline -0.001 -21"><span class='ocrx_word' id='word_1_158' title='bbox 192 2009 256 2068; x_wconf 91' lang='lat' dir='ltr'>nim</span> <span class='ocrx_word' id='word_1_159' title='bbox 273 2010 303 2067; x_wconf 91' lang='lat' dir='ltr'>in</span> <span class='ocrx_word' id='word_1_160' title='bbox 316 2009 514 2073; x_wconf 88' lang='lat' dir='ltr'>Ordinatione</span> <span class='ocrx_word' id='word_1_161' title='bbox 530 2010 711 2071; x_wconf 90' lang='lat' dir='ltr'>Subdiaconi</span> <span class='ocrx_word' id='word_1_162' title='bbox 733 2018 835 2073; x_wconf 79' lang='lat' dir='ltr'>extant</span> <span class='ocrx_word' id='word_1_163' title='bbox 857 2031 913 2071; x_wconf 87' lang='lat' dir='ltr'>non</span> <span class='ocrx_word' id='word_1_164' title='bbox 932 2012 1018 2072; x_wconf 90' lang='lat' dir='ltr'>modo</span> <span class='ocrx_word' id='word_1_165' title='bbox 1035 2008 1147 2085; x_wconf 90' lang='lat' dir='ltr'>inipso</span> <span class='ocrx_word' id='word_1_166' title='bbox 1258 2022 1274 2089; x_wconf 51' lang='grc' dir='ltr'>[ζ</span> 
     </span>
     <span class='ocr_line' id='line_1_23' title="bbox 192 2088 1274 2176; baseline -0.003 -25"><span class='ocrx_word' id='word_1_167' title='bbox 192 2089 225 2151; x_wconf 89' lang='lat' dir='ltr'>S.</span> <span class='ocrx_word' id='word_1_168' title='bbox 243 2088 382 2171; x_wconf 82' lang='lat' dir='ltr'>Gregorii</span> <span class='ocrx_word' id='word_1_169' title='bbox 404 2092 505 2160; x_wconf 90' lang='lat' dir='ltr'>Libro,</span> <span class='ocrx_word' id='word_1_170' title='bbox 523 2092 627 2153; x_wconf 89' lang='lat' dir='ltr'>sedin</span> <span class='ocrx_word' id='word_1_171' title='bbox 650 2094 802 2171; x_wconf 89' lang='lat' dir='ltr'>plerisque</span> <span class='ocrx_word' id='word_1_172' title='bbox 824 2092 889 2153; x_wconf 90' lang='lat' dir='ltr'>aliis</span> <span class='ocrx_word' id='word_1_173' title='bbox 910 2092 1093 2159; x_wconf 85' lang='lat' dir='ltr'>Ritualibus,</span> <span class='ocrx_word' id='word_1_174' title='bbox 1110 2108 1146 2149; x_wconf 91' lang='lat' dir='ltr'>ac</span> <span class='ocrx_word' id='word_1_175' title='bbox 1188 2144 1191 2149; x_wconf 83' lang='lat'><em>.</em></span> <span class='ocrx_word' id='word_1_176' title='bbox 1273 2090 1274 2176; x_wconf 75' lang='lat'><em>]</em></span> 
     </span>
    </p>
   </div>
   <div class='ocr_carea' id='block_1_11' title="bbox 194 1766 1147 1843">
    <p class='ocr_par' dir='ltr' id='par_1_11' title="bbox 194 1766 1147 1843">
     <span class='ocr_line' id='line_1_24' title="bbox 194 1766 1147 1843; baseline -0.002 -18"><span class='ocrx_word' id='word_1_177' title='bbox 194 1766 226 1825; x_wconf 89' lang='lat' dir='ltr'>iu</span> <span class='ocrx_word' id='word_1_178' title='bbox 247 1767 395 1843; x_wconf 85' lang='lat' dir='ltr'>sequioris</span> <span class='ocrx_word' id='word_1_179' title='bbox 416 1768 482 1827; x_wconf 81' lang='lat' dir='ltr'>aevi</span> <span class='ocrx_word' id='word_1_180' title='bbox 504 1767 659 1834; x_wconf 80' lang='lat' dir='ltr'>Consiliis,</span> <span class='ocrx_word' id='word_1_181' title='bbox 676 1768 749 1829; x_wconf 87' lang='lat' dir='ltr'>scite</span> <span class='ocrx_word' id='word_1_182' title='bbox 771 1768 910 1829; x_wconf 80' lang='lat' dir='ltr'>observat</span> <span class='ocrx_word' id='word_1_183' title='bbox 924 1766 1147 1827; x_wconf 87' lang='lat' dir='ltr'>eruditissimus</span> 
     </span>
    </p>
   </div>
   <div class='ocr_carea' id='block_1_12' title="bbox 128 2167 1147 3635">
    <p class='ocr_par' dir='ltr' id='par_1_12' title="bbox 128 2167 1147 3635">
     <span class='ocr_line' id='line_1_25' title="bbox 191 2167 1142 2250; baseline 0 -19"><span class='ocrx_word' id='word_1_184' title='bbox 191 2175 371 2250; x_wconf 88' lang='lat' dir='ltr'>praesertim</span> <span class='ocrx_word' id='word_1_185' title='bbox 394 2175 424 2233; x_wconf 96' lang='lat' dir='ltr'>in</span> <span class='ocrx_word' id='word_1_186' title='bbox 449 2173 561 2234; x_wconf 90' lang='lat' dir='ltr'>Ordine</span> <span class='ocrx_word' id='word_1_187' title='bbox 576 2174 738 2244; x_wconf 82' lang='lat' dir='ltr'>Romano,</span> <span class='ocrx_word' id='word_1_188' title='bbox 768 2181 799 2236; x_wconf 88' lang='lat' dir='ltr'>et</span> <span class='ocrx_word' id='word_1_189' title='bbox 820 2176 849 2234; x_wconf 92' lang='lat' dir='ltr'>in</span> <span class='ocrx_word' id='word_1_190' title='bbox 877 2173 985 2235; x_wconf 88' lang='lat' dir='ltr'>Codice</span> <span class='ocrx_word' id='word_1_191' title='bbox 1010 2167 1142 2235; x_wconf 77' lang='lat' dir='ltr'>liutoldi.</span> 
     </span>
     <span class='ocr_line' id='line_1_26' title="bbox 190 2252 1142 2325; baseline 0.008 -11"><span class='ocrx_word' id='word_1_192' title='bbox 190 2252 337 2325; x_wconf 84' lang='lat' dir='ltr'>Quamvis</span> <span class='ocrx_word' id='word_1_193' title='bbox 361 2253 499 2315; x_wconf 84' lang='lat' dir='ltr'>Amictus</span> <span class='ocrx_word' id='word_1_194' title='bbox 521 2260 608 2315; x_wconf 79' lang='lat' dir='ltr'>vetus</span> <span class='ocrx_word' id='word_1_195' title='bbox 632 2256 720 2315; x_wconf 90' lang='lat' dir='ltr'>sitin</span> <span class='ocrx_word' id='word_1_196' title='bbox 745 2254 878 2317; x_wconf 81' lang='lat' dir='ltr'>Ecclesia</span> <span class='ocrx_word' id='word_1_197' title='bbox 903 2258 1142 2322; x_wconf 70' lang='lat' dir='ltr'>vestimentum,</span> 
     </span>
     <span class='ocr_line' id='line_1_27' title="bbox 191 2334 1145 2415; baseline -0.002 -20"><span class='ocrx_word' id='word_1_198' title='bbox 191 2334 271 2409; x_wconf 89' lang='lat' dir='ltr'>quod</span> <span class='ocrx_word' id='word_1_199' title='bbox 294 2338 428 2413; x_wconf 89' lang='lat' dir='ltr'>primum</span> <span class='ocrx_word' id='word_1_200' title='bbox 451 2336 604 2411; x_wconf 68' lang='lat' dir='ltr'>capitino</span> <span class='ocrx_word' id='word_1_201' title='bbox 625 2336 733 2398; x_wconf 89' lang='lat' dir='ltr'>deinde</span> <span class='ocrx_word' id='word_1_202' title='bbox 756 2338 891 2409; x_wconf 88' lang='lat' dir='ltr'>humeris</span> <span class='ocrx_word' id='word_1_203' title='bbox 907 2336 1051 2415; x_wconf 85' lang='lat' dir='ltr'>injicitur,</span> <span class='ocrx_word' id='word_1_204' title='bbox 1069 2335 1145 2395; x_wconf 93' lang='lat' dir='ltr'>nulli</span> 
     </span>
     <span class='ocr_line' id='line_1_28' title="bbox 190 2412 1147 2496; baseline 0 -21"><span class='ocrx_word' id='word_1_205' title='bbox 190 2418 295 2475; x_wconf 69' lang='lat' dir='ltr'>mmen</span> <span class='ocrx_word' id='word_1_206' title='bbox 317 2416 408 2494; x_wconf 90' lang='lat' dir='ltr'>prisci</span> <span class='ocrx_word' id='word_1_207' title='bbox 430 2412 513 2476; x_wconf 87' lang='lat' dir='ltr'>Libri</span> <span class='ocrx_word' id='word_1_208' title='bbox 536 2414 724 2479; x_wconf 83' lang='lat' dir='ltr'>Pontificaies</span> <span class='ocrx_word' id='word_1_209' title='bbox 756 2423 787 2479; x_wconf 87' lang='lat' dir='ltr'>et</span> <span class='ocrx_word' id='word_1_210' title='bbox 818 2419 867 2479; x_wconf 89' lang='lat' dir='ltr'>alii</span> <span class='ocrx_word' id='word_1_211' title='bbox 900 2419 1062 2496; x_wconf 78' lang='lat' dir='ltr'>scriptores</span> <span class='ocrx_word' id='word_1_212' title='bbox 1091 2418 1147 2477; x_wconf 90' lang='lat' dir='ltr'>ba·</span> 
     </span>
     <span class='ocr_line' id='line_1_29' title="bbox 191 2496 1144 2576; baseline 0.003 -20"><span class='ocrx_word' id='word_1_213' title='bbox 191 2496 265 2556; x_wconf 85' lang='lat' dir='ltr'>beni</span> <span class='ocrx_word' id='word_1_214' title='bbox 291 2499 477 2558; x_wconf 89' lang='lat' dir='ltr'>mentionem</span> <span class='ocrx_word' id='word_1_215' title='bbox 499 2499 696 2576; x_wconf 83' lang='lat' dir='ltr'>impositionis</span> <span class='ocrx_word' id='word_1_216' title='bbox 718 2498 856 2561; x_wconf 84' lang='lat' dir='ltr'>Amictus</span> <span class='ocrx_word' id='word_1_217' title='bbox 882 2499 1144 2561; x_wconf 77' lang='lat' dir='ltr'>subdiaconorum</span> 
     </span>
     <span class='ocr_line' id='line_1_30' title="bbox 190 2577 1140 2657; baseline 0.003 -22"><span class='ocrx_word' id='word_1_218' title='bbox 190 2578 281 2654; x_wconf 91' lang='lat' dir='ltr'>capiti</span> <span class='ocrx_word' id='word_1_219' title='bbox 315 2579 352 2638; x_wconf 90' lang='lat' dir='ltr'>ab</span> <span class='ocrx_word' id='word_1_220' title='bbox 373 2577 523 2656; x_wconf 89' lang='lat' dir='ltr'>Episcopo</span> <span class='ocrx_word' id='word_1_221' title='bbox 557 2581 721 2641; x_wconf 84' lang='lat' dir='ltr'>iaciendas.</span> <span class='ocrx_word' id='word_1_222' title='bbox 745 2582 950 2654; x_wconf 84' lang='lat' dir='ltr'>Quamobrem</span> <span class='ocrx_word' id='word_1_223' title='bbox 979 2586 1065 2657; x_wconf 91' lang='lat' dir='ltr'>putat</span> <span class='ocrx_word' id='word_1_224' title='bbox 1096 2580 1140 2641; x_wconf 82' lang='lat' dir='ltr'>cl.</span> 
     </span>
     <span class='ocr_line' id='line_1_31' title="bbox 191 2654 1143 2724; baseline 0.004 -6"><span class='ocrx_word' id='word_1_225' title='bbox 191 2654 335 2719; x_wconf 79' lang='lat' dir='ltr'>Catulario</span> <span class='ocrx_word' id='word_1_226' title='bbox 361 2678 432 2721; x_wconf 89' lang='lat' dir='ltr'>eum</span> <span class='ocrx_word' id='word_1_227' title='bbox 460 2662 552 2720; x_wconf 89' lang='lat' dir='ltr'>ritum</span> <span class='ocrx_word' id='word_1_228' title='bbox 581 2680 647 2722; x_wconf 88' lang='lat' dir='ltr'>esse</span> <span class='ocrx_word' id='word_1_229' title='bbox 668 2663 699 2722; x_wconf 92' lang='lat' dir='ltr'>in</span> <span class='ocrx_word' id='word_1_230' title='bbox 720 2662 855 2724; x_wconf 85' lang='lat' dir='ltr'>Ecclesia</span> <span class='ocrx_word' id='word_1_231' title='bbox 877 2668 1044 2723; x_wconf 87' lang='lat' dir='ltr'>recentem.</span> <span class='ocrx_word' id='word_1_232' title='bbox 1068 2661 1143 2722; x_wconf 83' lang='lat' dir='ltr'>Tra-</span> 
     </span>
     <span class='ocr_line' id='line_1_32' title="bbox 191 2738 1142 2823; baseline 0.004 -22"><span class='ocrx_word' id='word_1_233' title='bbox 191 2738 265 2801; x_wconf 84' lang='lat' dir='ltr'>ditio</span> <span class='ocrx_word' id='word_1_234' title='bbox 287 2741 433 2817; x_wconf 88' lang='lat' dir='ltr'>manipuli</span> <span class='ocrx_word' id='word_1_235' title='bbox 467 2743 496 2801; x_wconf 93' lang='lat' dir='ltr'>in</span> <span class='ocrx_word' id='word_1_236' title='bbox 511 2740 713 2803; x_wconf 71' lang='lat' dir='ltr'>Ordinationes</span> <span class='ocrx_word' id='word_1_237' title='bbox 735 2744 916 2804; x_wconf 89' lang='lat' dir='ltr'>Subdiaconi</span> <span class='ocrx_word' id='word_1_238' title='bbox 938 2746 966 2804; x_wconf 94' lang='lat' dir='ltr'>in</span> <span class='ocrx_word' id='word_1_239' title='bbox 990 2745 1142 2823; x_wconf 87' lang='lat' dir='ltr'>plerisque</span> 
     </span>
     <span class='ocr_line' id='line_1_33' title="bbox 191 2821 1143 2903; baseline 0.006 -22"><span class='ocrx_word' id='word_1_240' title='bbox 191 2822 412 2897; x_wconf 83' lang='lat' dir='ltr'>antiquioribus</span> <span class='ocrx_word' id='word_1_241' title='bbox 434 2821 656 2885; x_wconf 82' lang='lat' dir='ltr'>Pontificalibus</span> <span class='ocrx_word' id='word_1_242' title='bbox 671 2826 768 2886; x_wconf 90' lang='lat' dir='ltr'>Libris</span> <span class='ocrx_word' id='word_1_243' title='bbox 791 2827 1004 2903; x_wconf 86' lang='lat' dir='ltr'>manuscriptis</span> <span class='ocrx_word' id='word_1_244' title='bbox 1025 2826 1143 2887; x_wconf 86' lang='lat' dir='ltr'>deside·</span> 
     </span>
     <span class='ocr_line' id='line_1_34' title="bbox 188 2902 1144 2985; baseline 0.003 -22"><span class='ocrx_word' id='word_1_245' title='bbox 188 2910 287 2963; x_wconf 83' lang='lat' dir='ltr'>ratur.</span> <span class='ocrx_word' id='word_1_246' title='bbox 312 2902 464 2979; x_wconf 76' lang='lat' dir='ltr'>Antiquus</span> <span class='ocrx_word' id='word_1_247' title='bbox 485 2903 567 2966; x_wconf 89' lang='lat' dir='ltr'>Ordo</span> <span class='ocrx_word' id='word_1_248' title='bbox 597 2905 752 2968; x_wconf 87' lang='lat' dir='ltr'>Romanus</span> <span class='ocrx_word' id='word_1_249' title='bbox 773 2908 811 2968; x_wconf 90' lang='lat' dir='ltr'>de</span> <span class='ocrx_word' id='word_1_250' title='bbox 836 2908 894 2968; x_wconf 90' lang='lat' dir='ltr'>hac</span> <span class='ocrx_word' id='word_1_251' title='bbox 920 2926 953 2969; x_wconf 90' lang='lat' dir='ltr'>re</span> <span class='ocrx_word' id='word_1_252' title='bbox 975 2910 1018 2967; x_wconf 92' lang='lat' dir='ltr'>sic</span> <span class='ocrx_word' id='word_1_253' title='bbox 1044 2908 1144 2985; x_wconf 91' lang='lat' dir='ltr'>loqui-</span> 
     </span>
     <span class='ocr_line' id='line_1_35' title="bbox 187 2982 1146 3067; baseline 0.002 -22"><span class='ocrx_word' id='word_1_254' title='bbox 187 2989 263 3045; x_wconf 82' lang='lat' dir='ltr'>tur:</span> <span class='ocrx_word' id='word_1_255' title='bbox 293 2982 329 3045; x_wconf 84' lang='lat' dir='ltr'>Ut</span> <span class='ocrx_word' id='word_1_256' title='bbox 350 2983 513 3065; x_wconf 82' lang='lat' dir='ltr'>Episcopus</span> <span class='ocrx_word' id='word_1_257' title='bbox 534 2985 584 3047; x_wconf 87' lang='lat' dir='ltr'>det</span> <span class='ocrx_word' id='word_1_258' title='bbox 605 2989 646 3048; x_wconf 87' lang='lat' dir='ltr'>eis</span> <span class='ocrx_word' id='word_1_259' title='bbox 670 2991 839 3067; x_wconf 81' lang='lat' dir='ltr'>mappulas,</span> <span class='ocrx_word' id='word_1_260' title='bbox 865 2988 1011 3050; x_wconf 86' lang='lat' dir='ltr'>diceudo:</span> <span class='ocrx_word' id='word_1_261' title='bbox 1034 2988 1075 3049; x_wconf 83' lang='lat' dir='ltr'>Iu</span> <span class='ocrx_word' id='word_1_262' title='bbox 1097 3007 1146 3051; x_wconf 84' lang='lat' dir='ltr'>aa·</span> 
     </span>
     <span class='ocr_line' id='line_1_36' title="bbox 186 3066 1144 3148; baseline 0.002 -22"><span class='ocrx_word' id='word_1_263' title='bbox 186 3066 306 3126; x_wconf 79' lang='lat' dir='ltr'>stitione</span> <span class='ocrx_word' id='word_1_264' title='bbox 329 3067 438 3127; x_wconf 85' lang='lat' dir='ltr'>barum</span> <span class='ocrx_word' id='word_1_265' title='bbox 459 3070 676 3146; x_wconf 82' lang='lat' dir='ltr'>mappularum</span> <span class='ocrx_word' id='word_1_266' title='bbox 697 3067 825 3129; x_wconf 73' lang='lat' dir='ltr'>subnisus</span> <span class='ocrx_word' id='word_1_267' title='bbox 847 3080 884 3139; x_wconf 87' lang='lat' dir='ltr'>tc,</span> <span class='ocrx_word' id='word_1_268' title='bbox 902 3069 1051 3136; x_wconf 83' lang='lat' dir='ltr'>Damius,</span> <span class='ocrx_word' id='word_1_269' title='bbox 1071 3088 1144 3148; x_wconf 88' lang='lat' dir='ltr'>pre-</span> 
     </span>
     <span class='ocr_line' id='line_1_37' title="bbox 188 3148 1143 3229; baseline 0.004 -24"><span class='ocrx_word' id='word_1_270' title='bbox 188 3159 311 3217; x_wconf 63' lang='lat' dir='ltr'>camen·</span> <span class='ocrx_word' id='word_1_271' title='bbox 324 3155 364 3206; x_wconf 44' lang='lat' dir='ltr'>ut*</span> <span class='ocrx_word' id='word_1_272' title='bbox 378 3148 411 3209; x_wconf 85' lang='lat' dir='ltr'>bi</span> <span class='ocrx_word' id='word_1_273' title='bbox 429 3150 540 3227; x_wconf 74' lang='lat' dir='ltr'>[amuli</span> <span class='ocrx_word' id='word_1_274' title='bbox 556 3154 603 3211; x_wconf 86' lang='lat' dir='ltr'>tui</span> <span class='ocrx_word' id='word_1_275' title='bbox 616 3153 658 3210; x_wconf 89' lang='lat' dir='ltr'>sie</span> <span class='ocrx_word' id='word_1_276' title='bbox 673 3162 835 3229; x_wconf 67' lang='lat' dir='ltr'>merantur</span> <span class='ocrx_word' id='word_1_277' title='bbox 848 3151 883 3209; x_wconf 88' lang='lat' dir='ltr'>iu</span> <span class='ocrx_word' id='word_1_278' title='bbox 898 3153 1059 3227; x_wconf 85' lang='lat' dir='ltr'>temporali</span> <span class='ocrx_word' id='word_1_279' title='bbox 1073 3170 1143 3211; x_wconf 81' lang='lat' dir='ltr'>cors-</span> 
     </span>
     <span class='ocr_line' id='line_1_38' title="bbox 186 3230 1142 3311; baseline 0.004 -24"><span class='ocrx_word' id='word_1_280' title='bbox 186 3230 363 3292; x_wconf 84' lang='lat' dir='ltr'>cersatione.</span> <span class='ocrx_word' id='word_1_281' title='bbox 381 3239 527 3305; x_wconf 85' lang='lat' dir='ltr'>quatenus</span> <span class='ocrx_word' id='word_1_282' title='bbox 550 3232 682 3310; x_wconf 72' lang='lat' dir='ltr'>exemplo</span> <span class='ocrx_word' id='word_1_283' title='bbox 698 3232 820 3311; x_wconf 64' lang='lat' dir='ltr'>morum</span> <span class='ocrx_word' id='word_1_284' title='bbox 834 3230 964 3292; x_wconf 76' lang='lat' dir='ltr'>Parrum</span> <span class='ocrx_word' id='word_1_285' title='bbox 984 3236 1019 3292; x_wconf 85' lang='lat' dir='ltr'>iu</span> <span class='ocrx_word' id='word_1_286' title='bbox 1032 3233 1142 3311; x_wconf 66' lang='lat' dir='ltr'>(utura</span> 
     </span>
     <span class='ocr_line' id='line_1_39' title="bbox 128 3310 1140 3391; baseline 0.006 -24"><span class='ocrx_word' id='word_1_287' title='bbox 128 3340 135 3343; x_wconf 93' lang='lat'><em>-</em></span> <span class='ocrx_word' id='word_1_288' title='bbox 185 3318 362 3369; x_wconf 82' lang='lat' dir='ltr'>mereantur</span> <span class='ocrx_word' id='word_1_289' title='bbox 388 3312 566 3386; x_wconf 83' lang='lat' dir='ltr'>perenniter</span> <span class='ocrx_word' id='word_1_290' title='bbox 591 3311 735 3389; x_wconf 82' lang='lat' dir='ltr'>paudere.</span> <span class='ocrx_word' id='word_1_291' title='bbox 760 3310 819 3375; x_wconf 84' lang='lat' dir='ltr'>Per</span> <span class='ocrx_word' id='word_1_292' title='bbox 849 3313 1026 3373; x_wconf 81' lang='lat' dir='ltr'>Dominum.</span> <span class='ocrx_word' id='word_1_293' title='bbox 1050 3312 1140 3391; x_wconf 79' lang='lat' dir='ltr'>Mup</span> 
     </span>
     <span class='ocr_line' id='line_1_40' title="bbox 182 3389 1140 3473; baseline 0.009 -26"><span class='ocrx_word' id='word_1_294' title='bbox 182 3390 258 3468; x_wconf 84' lang='lat' dir='ltr'>puta</span> <span class='ocrx_word' id='word_1_295' title='bbox 279 3389 436 3449; x_wconf 87' lang='lat' dir='ltr'>dicebatur</span> <span class='ocrx_word' id='word_1_296' title='bbox 458 3393 569 3469; x_wconf 88' lang='lat' dir='ltr'>passim</span> <span class='ocrx_word' id='word_1_297' title='bbox 596 3393 669 3453; x_wconf 89' lang='lat' dir='ltr'>olim</span> <span class='ocrx_word' id='word_1_298' title='bbox 697 3394 880 3471; x_wconf 89' lang='lat' dir='ltr'>Manipulus.</span> <span class='ocrx_word' id='word_1_299' title='bbox 905 3394 1043 3456; x_wconf 88' lang='lat' dir='ltr'>Meminit</span> <span class='ocrx_word' id='word_1_300' title='bbox 1072 3396 1140 3473; x_wconf 89' lang='lat' dir='ltr'>qui-</span> 
     </span>
     <span class='ocr_line' id='line_1_41' title="bbox 185 3468 1140 3553; baseline 0.012 -26"><span class='ocrx_word' id='word_1_301' title='bbox 185 3468 256 3529; x_wconf 87' lang='lat' dir='ltr'>dem</span> <span class='ocrx_word' id='word_1_302' title='bbox 282 3469 428 3544; x_wconf 85' lang='lat' dir='ltr'>Manipuli</span> <span class='ocrx_word' id='word_1_303' title='bbox 460 3472 627 3533; x_wconf 87' lang='lat' dir='ltr'>traditionis</span> <span class='ocrx_word' id='word_1_304' title='bbox 660 3475 688 3534; x_wconf 93' lang='lat' dir='ltr'>in</span> <span class='ocrx_word' id='word_1_305' title='bbox 711 3472 906 3536; x_wconf 88' lang='lat' dir='ltr'>Ordinatione</span> <span class='ocrx_word' id='word_1_306' title='bbox 938 3474 1140 3553; x_wconf 79' lang='lat' dir='ltr'>Subdlaeoao·</span> 
     </span>
     <span class='ocr_line' id='line_1_42' title="bbox 185 3548 1136 3635; baseline 0.008 -24"><span class='ocrx_word' id='word_1_307' title='bbox 185 3563 256 3611; x_wconf 81' lang='lat' dir='ltr'>rum</span> <span class='ocrx_word' id='word_1_308' title='bbox 280 3548 454 3613; x_wconf 82' lang='lat' dir='ltr'>Pontificale</span> <span class='ocrx_word' id='word_1_309' title='bbox 483 3556 722 3634; x_wconf 86' lang='lat' dir='ltr'>manuscriptum</span> <span class='ocrx_word' id='word_1_310' title='bbox 744 3556 866 3635; x_wconf 88' lang='lat' dir='ltr'>insignis</span> <span class='ocrx_word' id='word_1_311' title='bbox 894 3551 1047 3619; x_wconf 85' lang='lat' dir='ltr'>Ecclesiae</span> <span class='ocrx_word' id='word_1_312' title='bbox 1071 3556 1136 3619; x_wconf 88' lang='lat' dir='ltr'>blo-</span> 
     </span>
    </p>
   </div>
   <div class='ocr_carea' id='block_1_13' title="bbox 0 0 1288 4042">
    <p class='ocr_par' dir='ltr' id='par_1_13' title="bbox 0 0 1288 4042">
     <span class='ocr_line' id='line_1_43' title="bbox 0 0 1288 4042; baseline 0 3"><span class='ocrx_word' id='word_1_313' title='bbox 0 0 1288 4042; x_wconf 95' lang='lat' dir='ltr'> </span> 
     </span>
    </p>
   </div>
  </div>
 </body>
</html>
