2567 4042
641 190 867 262 *diffiditis-

283 326 379 397 parte,
402 320 454 380 sed
477 319 506 378 in
528 318 628 379 ironic
650 319 803 387 nimirum,
826 337 900 397 qnae
922 319 1043 397 pudoris
1064 318 1144 380 sedes
1162 326 1207 379 est.

283 401 361 463 lltnd
383 401 481 480 ipsum
503 397 610 462 Crucis
631 401 750 479 signum
773 400 956 479 imprimitur
977 402 1006 461 in
1024 405 1165 478 pectore,
1186 407 1210 460 nt

281 483 411 544 Crucem
434 483 624 545 Christianus
642 483 817 562 perquirat.
839 485 960 544 adamat
988 488 1020 546 et
1051 484 1081 542 in
1100 501 1137 544 ea
1155 500 1211 542 con-

280 567 426 643 quiescat.
448 565 523 626 Nam
545 583 598 625 eor
614 565 704 640 ¹sedes
726 571 772 624 est
792 565 1021 626 desideriorum.

323 647 379 708 lll.
403 645 637 724 Antiquissimus
669 664 766 723 aeque
789 653 835 708 est
855 648 929 718 ritus
958 645 1110 726 ingerendi
1136 645 1213 706 salem

282 730 313 786 in
336 747 371 790 os
393 730 650 806 baptizandorum,
675 747 744 790 curn
767 727 804 788 de
826 730 888 801 illo,
906 736 1048 806 tanquam
1070 729 1109 790 de
1130 745 1215 790 caere·
1255 746 1262 848 p

266 813 385 872 :monia
404 818 502 873 aetate
530 811 681 889 majorum
704 816 849 890 recepta,
877 822 1047 884 sermonem
1077 812 1217 870 instituant
1257 837 1262 884 l,

164 963 168 970 ,
281 892 364 954 Ordo
384 891 546 960 Romanus,
558 893 730 954 Amalarius
745 889 938 963 Fortunatus,
951 892 1137 956 walafridus
1150 891 1216 953 Stra·
1258 890 1262 907 ‘'

283 977 335 1046 bo,
351 975 461 1052 aliiqne
482 993 586 1036 omnes
600 980 739 1036 veterum
763 975 876 1035 rituum
899 977 1109 1036 illustratores.
1126 973 1155 1035 S.
1167 973 1217 1034 dn·
1258 995 1262 1048 r

282 1057 418 1136 gostinus
439 1058 468 1116 in
491 1058 590 1134 primo
610 1055 745 1116 Conless
764 1055 841 1133 Cap.
866 1057 915 1118 Xl
936 1075 1018 1117 num.
1044 1057 1082 1116 17
1106 1059 1159 1118 ait:
1178 1055 1217 1116 Si·
1256 1073 1262 1134 ,’1

282 1140 398 1217 ponder
414 1141 481 1219 jem
501 1140 584 1217 ripam
607 1138 741 1206 Crucis,
773 1149 799 1200 et
826 1135 1218 1219 condioecesanorum
1258 1139 1262 1144 ”

282 1223 364 1282 brmc
392 1223 483 1281 ritum
510 1213 654 1284 allusisse,
670 1219 789 1280 videtur
810 1218 955 1299 Origenes
972 1219 1108 1283 Humilia
1127 1220 1169 1282 Vl
1196 1219 1218 1276 in
1261 1213 1262 1222 ’

282 1303 483 1370 Ezechielem,
501 1304 552 1364 ubi
568 1302 809 1364 Catecbumenos
829 1303 1002 1380 alloquitur,
1016 1303 1217 1379 hortaturque,

281 1392 317 1446 nt
337 1404 370 1448 se
390 1390 572 1463 praeparent
592 1385 629 1444 ad
651 1385 721 1453 hoe,
747 1389 779 1444 ut
800 1383 873 1452 fiant
894 1385 937 1444 sal
959 1385 1101 1456 Domini,
1125 1390 1155 1445 et
1175 1402 1219 1442 non
1256 1361 1262 1451 i

286 1468 484 1545 baptizentur,
500 1466 755 1543 quemadmodum
771 1463 873 1526 Simon
888 1465 936 1526 ille
953 1483 1068 1545 magns.
1087 1466 1217 1528 Isidorus.
1258 1489 1262 1533 t,

282 1549 350 1610 Lib.
364 1548 393 1610 ll
408 1551 445 1610 de
465 1547 574 1631 Officiis
588 1547 659 1626 Cap.
677 1547 735 1613 nm
759 1547 813 1607 lvo
829 1545 1027 1616 Carnot'ensis,
1044 1550 1079 1608 ire
1096 1548 1221 1610 Sermone
1256 1588 1262 1639 i

283 1630 321 1690 de
342 1629 526 1712 Neopbytisr
552 1635 583 1691 et
603 1629 695 1710 Hugo
718 1627 890 1697 Victorinus
903 1665 912 1698 ·,
936 1630 1003 1690 Lib.
1026 1631 1042 1691 l
1062 1629 1101 1690 dc
1128 1627 1221 1696 Sarro-

280 1714 389 1774 mcotis
412 1713 487 1793 Cep.
513 1709 575 1784 18,
599 1729 659 1772 non
681 1717 796 1773 tantum
820 1712 1023 1774 meminerunt
1044 1710 1220 1789 hujusceri·
1259 1741 1262 1790 ᾗ

281 1800 340 1863 tus,
358 1795 573 1856 verumetiam
596 1795 674 1854 banc
694 1793 833 1872 ejusdem
850 1794 997 1864 rationem
1014 1795 1217 1872 protulerunt:
1260 1791 1262 1828 i

285 1873 338 1942 Sal
355 1887 515 1958 propterea
533 1877 757 1940 Cotecbemem's
779 1875 874 1936 dator
894 1875 928 1933 in
950 1877 1105 1954 mysterio,
1129 1885 1163 1936 ct
1181 1891 1221 1932 nos
1259 1945 1260 1950 ἵ

281 1961 326 2020 rot
345 1964 454 2027 terroe,
477 1956 562 2026 idest,
579 1959 637 2018 Dei
658 1956 836 2038 sapientiam
857 1975 1022 2019 noscamus.
1046 1955 1125 2036 Ejus
1147 1959 1222 2017 bene·
1259 1925 1262 2042 l

281 2040 373 2102 dictio
393 2046 476 2103 extat
496 2041 526 2099 in
556 2039 793 2101 sacramentario
816 2039 847 2100 S.
865 2038 1000 2116 Gregorii
1031 2037 1134 2116 Papae
1146 2038 1221 2100 etin

259 2198 260 2201 Ἴ
280 2120 393 2184 Ordine
408 2123 543 2182 Romano
554 2121 625 2183 Vll.
642 2122 693 2183 Sal
714 2121 909 2182 benedictum·
921 2121 1099 2198 baptizando
1115 2127 1223 2200 gestan·
1259 2069 1262 2216 l

280 2205 352 2266 dum
374 2205 552 2287 porrigitur,
569 2215 603 2266 ret
620 2223 676 2282 per
690 2206 735 2264 sol
757 2205 895 2282 typicum
909 2204 1073 2283 sapientiae
1087 2205 1152 2264 sate
1165 2219 1223 2262 coe
1259 2211 1262 2258 l

281 2286 369 2356 dites,
392 2289 500 2366 foetore
513 2294 626 2365 gerent
646 2286 838 2364 inipcitotisr
860 2293 886 2344 et
901 2304 952 2359 nec
973 2303 993 2344 c
1006 2286 1159 2346 vermibus
1170 2301 1224 2364 pee-

253 2390 256 2394 “
280 2379 414 2430 cetorum
434 2367 586 2448 putrefiet,
602 2367 653 2427 sed
667 2368 763 2445 mopis
784 2369 904 2427 illaesos
926 2377 1060 2426 serretur
1081 2367 1125 2426 cd
1142 2369 1225 2446 majo

281 2469 344 2510 rem
366 2453 499 2528 proriam
515 2449 752 2528 percipiendam.
770 2448 871 2509 Verba
894 2454 962 2509 srrnt
983 2447 1107 2516 Rabani
1121 2446 1222 2515 Mauri,

280 2529 345 2591 Lib.
370 2531 384 2591 l
405 2531 440 2590 de
460 2530 651 2592 Institutione
678 2530 862 2593 Clericorrem
883 2527 955 2608 Cap.
972 2529 1107 2592 xxvii.

298 2629 301 2634 ·
322 2611 376 2674 lV.
401 2612 507 2674 Crucis
527 2613 645 2690 signum
667 2613 736 2692 jam.
754 2631 812 2672 non
827 2612 921 2674 semel
943 2611 1009 2672 fieri
1029 2613 1155 2674 solitum
1176 2609 1224 2670 luit

280 2695 482 2774 baptizandis,
491 2701 525 2756 ut
538 2697 625 2772 plane
647 2700 763 2756 constat
778 2713 815 2756 ex
828 2695 920 2754 variis
936 2695 1119 2772 pervetustis
1133 2695 1225 2754 llitna·

280 2778 360 2838 libus
373 2777 482 2844 Libris,
499 2776 586 2854 longo
600 2773 717 2854 agmine
737 2776 775 2835 ab
794 2775 954 2836 Edmundo
969 2776 1107 2838 Martene
1118 2773 1223 2840 allatis

279 2875 318 2921 ex
340 2862 449 2937 quibus
470 2859 733 2924 etiam'docemur,
750 2864 817 2936 post
838 2859 1005 2918 immissum
1026 2857 1070 2922 nt
1094 2859 1125 2917 in
1141 2875 1174 2918 os
1187 2857 1224 2916 in·

279 2941 379 3012 tantis,
396 2948 427 3003 et
442 2943 582 3002 recitatas
604 2946 671 3017 post
692 2941 761 3000 salis
776 2938 1178 3016 immissionemOraiiones,
1192 2938 1224 2997 si·

282 3043 373 3104 gnum
387 3024 491 3086 Crucis
512 3025 542 3082 in
557 3025 656 3084 lronte
677 3020 811 3100 ejusdem
827 3017 945 3084 infantis
960 3021 1224 3084 liericonsnevisse

269 3124 299 3165 a
320 3105 491 3175 Sacerdote,
515 3105 634 3166 dicente
656 3104 734 3164 banc
756 3102 944 3166 Orationem:
968 3105 1049 3166 Deos
1063 3100 1223 3166 Abrabam,

278 3186 361 3248 Dens
380 3186 486 3258 Jacob,
509 3192 568 3248 etc.
592 3185 678 3247 luxta
701 3185 869 3247 Romanurn
884 3185 1028 3247 Ordinem
1045 3186 1102 3247 Vll
1125 3188 1155 3244 in
1170 3200 1224 3260 quo

279 3271 357 3330 ritus
379 3269 523 3346 baptismi
544 3267 706 3334 intantum
724 3268 877 3339 refertur,
898 3270 985 3334 veria
1006 3287 1024 3329 a
1046 3268 1157 3338 variis,
1178 3265 1224 3341 qui

279 3349 432 3427 baptismo
453 3350 646 3419 assistebant,
670 3351 706 3410 in.
723 3349 829 3411 eorum
851 3349 999 3412 frontibus
1015 3347 1124 3412 ,Crucis
1145 3349 1223 3424 signa

279 3431 512 3510 peragebantur.
535 3433 663 3509 Expleta
683 3431 838 3507 Oratione,
861 3429 1043 3501 Aeternam,
1065 3449 1100 3492 nc
1116 3429 1220 3511 jectis·

278 3513 385 3573 mmom
403 3515 568 3593 pietatem,
591 3515 755 3592 accipiebat
776 3513 921 3576 Sacerdos
949 3531 1069 3574 manum
1090 3512 1222 3574 dextram

281 3593 421 3663 intactis,
446 3601 608 3674 tenensque
629 3613 697 3660 eam
719 3597 858 3666 dicebat,
872 3593 973 3658 -Peter
994 3607 1100 3666 noster,
1128 3587 1222 3658 Crede
