2567 4042
404 207 465 268 etit
485 196 627 267 wiliac-

58 342 115 382 sum
134 324 328 385 obsecratum
343 324 447 395 luisse,
464 331 548 403 patet
567 345 605 386 ex
619 327 750 388 Concilio
765 327 903 390 Generali
919 325 996 390 Con·
1063 363 1066 370 ,

56 405 309 484 stantinopolitano
330 406 344 467 l
366 405 485 468 Canone
506 408 577 469 Vll.
600 407 690 470 Plura
711 417 812 471 autem
839 411 876 472 de
897 409 997 472 exsui·

55 486 228 555 nationibus,
251 493 283 550 ct
304 490 489 559 exorcismis,
505 508 673 568 eorumque
695 490 829 563 formulis
851 494 942 555 tradit
962 492 996 554 S.

53 568 176 631 Severus
197 569 370 631 Patriarcha
392 572 612 633 Alexandrinus
633 575 661 633 iu
684 572 792 635 Libro:
816 573 852 633 de
875 573 996 637 liitiiror

51 650 195 730 Baptismi
215 652 318 712 etalii
339 655 441 731 plures
462 660 527 715 tum
543 655 663 726 Graeci,
687 662 750 717 tum
764 656 862 717 Latini
877 655 992 728 Patres,

49 751 79 792 ae
95 751 198 796 sacrae
213 733 337 814 Synodi.
361 735 449 797 luxta
470 739 627 814 antiquum
648 737 761 810 ritum,
786 744 853 816 post
872 739 996 800 exuffla-

50 817 154 876 tionem
177 817 270 876 dabat
290 815 437 879 Sacerdos
465 819 639 898 baptizando
661 838 767 898 pacem
789 837 857 880 cum
880 821 995 888 osculo,

49 897 164 958 dicens:
190 898 260 958 Poro
281 899 347 959 titi.
369 898 430 960 lsta
454 901 614 963 insufflatio
639 919 699 962 non
720 903 817 963 solum
839 901 993 963 daemonis

48 983 207 1058 contempti
227 981 358 1041 etirriti
380 981 584 1060 depulsionem
606 988 637 1043 ct
651 985 754 1062 fugam
768 981 924 1061 significat,
941 1001 993 1046 re-

47 1079 107 1120 rum
134 1065 229 1124 etiam
260 1080 414 1124 accessum
438 1065 490 1126 rel
511 1066 651 1143 illapsum
673 1066 801 1144 Spiritus
822 1065 922 1126 Sancti
943 1069 994 1142 qui

48 1142 92 1202 ulti
112 1146 182 1204 vult
203 1146 307 1223 spirat,
332 1152 364 1205 et
384 1164 439 1223 per
453 1165 562 1223 aquam
584 1146 796 1224 baptizandum
818 1166 889 1208 mox
911 1165 992 1226 rege·

47 1232 206 1288 necaturus
219 1234 277 1298 est,
295 1227 384 1304 eique
406 1225 684 1292 communicatulus
699 1235 745 1291 est
764 1248 872 1290 novam
887 1231 990 1298 vitam,

45 1307 128 1367 vitam
150 1310 279 1386 gratiae.

79 1388 116 1449 ll.
138 1390 266 1468 Signum
288 1390 393 1452 Crucis
414 1391 599 1469 baptizandis
625 1393 768 1472 imprimi,
792 1393 990 1469 antiquissimi

45 1477 83 1530 est
102 1472 245 1544 instituti,
261 1471 349 1551 cujus
370 1492 427 1534 non
449 1493 510 1534 uno
531 1476 560 1535 iu
576 1473 642 1534 loco
665 1475 801 1536 meminit
823 1476 900 1536 inter
914 1475 989 1536 alios

44 1548 140 1614 Patres
162 1553 198 1615 S.
212 1554 408 1634 Augustinus,
424 1556 604 1634 praesertim
619 1575 693 1618 aero
707 1556 798 1618 Libro
812 1554 844 1617 11
855 1554 898 1616 Da
910 1555 991 1636 Sym-
1085 1573 1087 1576 ·

46 1633 164 1694 totocd
184 1636 424 1706 catechumenos,
447 1634 550 1717 Capite
566 1635 590 1697 l.
614 1635 703 1699 Plura
724 1639 762 1700 de
777 1638 882 1700 Crucis
905 1640 995 1715 siguo„

45 1715 70 1773 in
82 1717 237 1795 Baptismo
257 1719 365 1778 docent
386 1719 524 1780 laudatus
535 1720 720 1796 Augustinus
741 1722 882 1782 variis'in
901 1720 983 1792 locis,

45 1796 69 1855 S.
90 1798 223 1860 loannes
242 1798 483 1878 chrysostomus,
508 1803 538 1862 in
554 1799 710 1873 Oratione,
738 1801 827 1877 Quod
843 1799 988 1864 ¹Christus

44 1880 195 1950 stilicus:
215 1881 246 1942 S.
260 1881 477 1960 Hieronymus,
501 1885 531 1943 in
553 1882 689 2028 Egistrdc
709 1883 750 1942 ad
769 1882 988 1954 Heliodorum:

46 1961 71 2019 S.
92 1961 226 2041 (tyrillus
247 1963 551 2042 Hierosolymorum,
593 1965 719 2025 ctcolroai
733 1964 788 2035 IV;
805 1972 836 2026 et
858 1965 909 2024 alii
925 1966 990 2043 plu-

48 2061 105 2103 res·
122 2045 195 2106 Jarn
224 2063 298 2108 vero
319 2046 398 2122 quod
425 2053 541 2124 spectat
561 2048 599 2106 ad
617 2053 717 2124 paries
745 2046 843 2108 Cruce
871 2047 988 2124 signan-

46 2125 100 2193 das,
123 2145 186 2186 non
208 2144 275 2195 una
289 2127 345 2188 luit
359 2126 563 2191 Ecclesiarnm
585 2131 720 2189 omnium
738 2129 937 2189 consuetudo.
954 2127 988 2188 lu

47 2207 147 2269 liituali
164 2209 366 2269 Ambrosiano
387 2215 419 2269 et
441 2211 471 2270 in
486 2210 676 2272 laudunensi
698 2212 902 2284 manuscripto
923 2211 989 2270 uui-

45 2304 74 2347 ca
93 2292 255 2352 dumtaxat
276 2290 460 2366 consignatio
480 2292 655 2371 designatur
676 2294 705 2352 iu
727 2290 887 2379 spiritale
909 2293 988 2354 anti.

44 2389 96 2445 qua
116 2374 254 2450 Licurgia
268 2371 434 2441 Gallicana,
457 2374 580 2450 duplex,
605 2377 641 2434 ia
662 2374 759 2451 [rocta
783 2383 810 2432 ct
830 2374 864 2432 in
885 2373 984 2435 corde.

43 2451 147 2517 Flebat·
161 2460 264 2517 autem
287 2455 475 2534 potissimum
489 2457 561 2515 olim
585 2457 701 2534 signum
723 2458 822 2536 ipsum
837 2453 941 2516 Crucis
956 2456 990 2515 in'
1028 2507 1030 2512 .

42 2533 131 2598 ironte
152 2537 333 2615 baptizandi,
357 2535 623 2614 teste‘Augustino
647 2540 676 2597 in
698 2536 853 2601 Psalmum
875 2537 984 2598 XXX.
1054 2557 1058 2567 ·

42 2616 141 2680 Varias
169 2621 318 2679 orationes
343 2619 506 2694 antiquitus
533 2626 624 2696 super
646 2620 857 2697 baptizandum
887 2619 985 2682 dicia

42 2693 197 2763 Sacerdote
211 2701 358 2769 solebant,
373 2701 446 2761 dum
460 2698 501 2760 illi
515 2702 634 2778 signum
648 2701 752 2764 Crucis
767 2700 987 2764 iaceret.·0ra·'

43 2782 77 2839 tio
90 2781 196 2844 Preces
216 2793 337 2845 nostros
356 2789 510 2858 alequas
531 2782 561 2843 iu
576 2783 688 2846 Rituali
703 2783 838 2846 Romano
860 2785 982 2860 legitur,

42 2867 182 2926 nonnuliis
203 2865 329 2926 mutatis
350 2864 496 2942 descripta
517 2869 565 2924 est
585 2867 614 2924 in
637 2867 752 2928 duobus
774 2867 983 2944 manuscriptis

42 2942 131 3008 Libris
146 2947 413 3008 Sacramentorum
428 2946 550 3024 insignis
564 2945 718 3010 Ecclesiae
728 2948 922 3018 Turonensis,
933 2967 985 3010 au·

44 3043 145 3091 norum
171 3030 294 3090 circiter
314 3027 393 3100 MC,
422 3032 455 3088 et
480 3029 510 3087 in
536 3028 927 3110 manuscriptoPoutificali
948 3029 980 3090 S.

44 3105 157 3171 luciani
180 3111 401 3172 Bellovacensis
421 3109 709 3183 annorumliccc,
737 3117 768 3172 et
795 3113 826 3171 in
847 3109 913 3171 aliis
935 3111 983 3172 Li·

44 3186 96 3249 bris
116 3190 351 3253 Pontificalibus.
372 3191 563 3269 Imprimitur
582 3193 700 3270 signum
722 3192 827 3255 Crucis
848 3194 877 3252 iu
899 3192 981 3253 icon·

45 3272 86 3332 tc.
109 3280 143 3334 ut
163 3274 308 3352 intelligat
328 3273 515 3334 Christianus
540 3292 573 3334 se
594 3292 653 3335 nou
669 3275 779 3337 debere
800 3274 981 3336 erubescere

43 3346 252 3434 irrogatum,
276 3373 332 3418 neo
363 3360 465 3417 cetera
493 3354 531 3417 ad
552 3356 646 3422 vitam
666 3355 867 3418 Christianam
890 3359 982 3435 perti·

44 3439 146 3506 ueutia,
167 3443 273 3516 utpote
294 3439 344 3516 qui
360 3437 500 3506 Crucem,
515 3455 608 3514 quam
622 3437 727 3499 ludaei
750 3445 784 3501 ut
803 3441 906 3513 iugens
921 3459 981 3516 op-

44 3519 190 3586 probrium
213 3519 419 3591 horruerunt,
448 3517 611 3580 etGentes
634 3525 672 3580 ut
692 3521 847 3582 stultitiam
870 3521 980 3582 habuc·
1032 3563 1037 3573 .

45 3606 131 3669 nint,
153 3620 224 3682 prae
257 3621 289 3664 se
310 3602 387 3664 ierat
407 3619 464 3662 non
496 3601 817 3680 inoccultaquadam
846 3603 988 3680 corporis,
1025 3650 1028 3656 Δ

1101 2067 1125 2100 1
