2567 4042
471 177 695 249 widimer»

104 321 146 367 no
169 305 308 383 leguntur
334 307 456 385 quidem
490 305 739 375 benedictionem
771 326 825 371 seu
857 308 1060 385 praefationes

103 385 340 458 linteaminum,
364 390 401 450 ad
423 388 656 450 consecrandam
678 388 847 458 Paternum,
869 390 906 451 ad
927 390 1060 453 Calicem

103 467 355 531 benedicendum.
378 470 552 532 Benedictio
573 468 692 539 Calicis,
716 476 747 532 et
768 470 908 537 Paterae,
932 479 962 533 et
982 472 1059 533 Tur-¹

104 549 175 617 ris,
199 550 277 613 idest
297 553 411 613 vasculi
434 550 663 622 Eucharistici‚
688 558 804 628 prostat
824 554 853 613 in
882 552 1060 615 Sacramen-

105 630 185 691 tario
209 629 390 705 Gallicano,
420 633 573 695 aloanue
594 632 769 695 Mahillnnio
797 634 887 697 edito.
917 632 1008 695 Extat
1028 634 1059 695 iu

103 710 201 774 Lihro
216 714 479 777 Sacramentorum
495 714 525 777 S.
538 714 678 793 Gregorii
693 716 790 794 Papae
809 732 969 793 expressus
983 716 1059 777 ritus

102 794 145 854 ad
166 798 400 859 consecrandam
416 794 571 870 Patenamr
593 814 632 859 ex
655 797 742 877 qu'us
762 804 863 860 tamen
884 796 969 859 Libri
983 794 1060 857 Pon·

103 875 226 939 tihcalis
247 880 433 956 praescripto
454 880 597 942 absolute
612 878 684 941 dicit
705 877 870 957 Episcopus
892 878 968 940 hanc
990 896 1058 941 ora·

103 958 246 1020 tionem:
272 960 487 1024 Conseeromns
518 973 547 1023 et
567 960 787 1041 semipremos
813 962 890 1021 lonc
913 960 1058 1023 Potentem

102 1037 147 1101 ud
162 1040 380 1121 conficiendum
399 1040 435 1099 irs
449 1060 484 1101 ee
502 1043 617 1124 Corpus
631 1040 755 1108 Domini
773 1043 870 1103 nostri
880 1038 954 1103 deso
970 1041 1060 1104 Chri·

103 1122 145 1180 sti
160 1126 310 1202 potientis
326 1123 455 1186 Crucem
470 1142 529 1200 pro
551 1124 647 1186 solute
661 1132 797 1183 nostrum
818 1124 962 1184 omniurn.
975 1120 1060 1182 lusu·

103 1218 161 1279 per
184 1205 212 1263 in
234 1204 348 1266 Ordine
368 1203 506 1266 Romano
526 1206 784 1265 consecrationem
804 1201 924 1275 Calicis,
946 1210 979 1267 et
1001 1202 1057 1271 Pa·

104 1290 197 1345 teuae
217 1303 289 1347 cum
309 1286 449 1348 unctione
472 1285 829 1362 cemmeticensium
849 1287 988 1363 precibus
1009 1284 1058 1344 de·

102 1366 249 1443 scriptam
271 1368 421 1435 ridemusr
443 1369 630 1448 legimusque
651 1368 681 1425 in
696 1364 769 1427 lure
783 1365 931 1427 Canopico
947 1366 1059 1427 Decre-

104 1452 171 1508 tum
192 1446 311 1510 Notlus'
326 1449 361 1508 dr
379 1450 607 1513 consecratione
626 1447 708 1509 Dist.
725 1448 754 1514 Ι,
776 1448 854 1523 quod
875 1446 1058 1509 Hormisdae

101 1526 242 1593 Pontifici
260 1531 454 1592 «adscribitur.
483 1530 644 1593 Praeterea
666 1530 761 1591 refert
786 1528 968 1593 Sozomenns
988 1544 1058 1589 cum

103 1611 275 1689 Imperator
300 1611 512 1674 Constantinus
543 1612 637 1691 regali
666 1609 870 1673 munificentia
897 1610 1058 1753 Templum
1128 1628 1130 1633 ·

102 1690 325 1773 Hierosolymis
346 1694 538 1755 condidisset:
554 1693 696 1776 Episcopi
709 1692 946 1772 Hierosolymam
986 1693 1058 1753 elati

102 1772 271 1835 Ecclesiam
291 1788 516 1843 conmorarrmt,
539 1774 686 1853 simulque
708 1782 894 1844 ornamento,
920 1782 948 1835 et
970 1773 1060 1833 dono·

102 1856 154 1916 ric
176 1856 214 1915 cb
228 1855 414 1937 imperatore
434 1859 622 1920 transmisso.
648 1853 692 1916 De
714 1859 862 1917 vetustate
883 1854 1059 1933 hujusmodi

103 1939 365 2001 consecrationum
396 1942 513 2003 erudite
550 1937 671 2000 disserit
701 1936 877 1997 Dominicus
907 1935 1057 2015 Georgius

103 2018 191 2080 Torn.
208 2018 223 2079 Ι
238 2019 282 2079 De
295 2018 439 2098 liturgia
453 2022 588 2083 Romani
601 2016 758 2096 Pontificis
774 2014 838 2078 Lib.
856 2016 895 2078 ΙΙ
909 2018 984 2097 Cep.
1005 2017 1055 2079 14.

102 2101 238 2162 Maxime
257 2110 359 2163 autem
373 2104 471 2173 decet,
486 2110 521 2165 ut
542 2119 614 2162 rasa
644 2104 801 2176 vestesque
816 2098 853 2159 ad
868 2096 1058 2161 Sacrificium

104 2182 303 2249 necessariae,
321 2187 594 2246 consecrationem
609 2180 814 2242 benedictione
831 2181 912 2257 prius
928 2181 1058 2239 inusum

102 2280 226 2325 sacuam
259 2271 498 2330 convertantur..
527 2266 573 2327 uti
605 2265 694 2325 docet
720 2262 751 2323 S.
772 2261 907 2324 Thomas
934 2260 1014 2323 Part.
1038 2258 1058 2321 3

102 2352 222 2423 quaest.
238 2342 279 2404 33
299 2355 357 2409 art.
380 2347 411 2407 3.
439 2346 685 2410 Consecrotiorrcs
707 2342 885 2404 adhibentur
905 2342 950 2401 his
972 2342 1057 2401 relus

6 2443 7 2496 r
102 2444 182 2506 quae
201 2429 327 2489 veniunt
346 2430 381 2488 in
404 2448 492 2490 usum
512 2430 603 2507 tnjns
625 2428 826 2493 monumenti,
850 2432 916 2485 tum
934 2432 1059 2503 proptor

6 2543 7 2564 2
100 2508 296 2571 &crementi
317 2512 529 2581 reverentiam,
544 2521 608 2571 tum
622 2508 673 2567 -ad
688 2502 975 2584 repraesentandum
991 2502 1059 2584 offr-

6 2609 7 2640 1
101 2600 186 2650 mem
209 2587 421 2659 sacrementi,
450 2591 505 2670 qni
535 2609 574 2650 erc
597 2587 738 2650 Passieno
762 2586 880 2649 Christi
906 2587 1055 2667 procesit.

6 2663 7 2746 l
101 2668 269 2744 Utriusque
288 2678 350 2733 tam
374 2670 529 2742 Peteona,
548 2688 645 2748 *quam
667 2669 777 2731 Calicis
798 2667 995 2731 consecrandi
1017 2668 1058 2727 ri·

6 2767 7 2776 ¹
101 2758 169 2813 amr
190 2753 331 2815 unctione
351 2752 531 2814 Chrisrnatis
552 2753 704 2829 certisque
726 2750 866 2825 precihus
886 2748 1053 2816 adhibitis,

101 2851 120 2893 a
141 2832 251 2893 Veteri
264 2832 460 2896 Testanrento
480 2834 518 2894 ad
539 2829 867 2911 Novumprotluxisse,
892 2830 1057 2893 rectissime

6 2939 7 2988 ξ
101 2916 227 2995 apsidam
248 2918 410 2994 scriptores
431 2922 566 2977 censent.

141 2996 184 3058 ll.
213 2994 337 3071 Spectat
368 2998 405 3057 de
425 2997 496 3077 jure
518 2996 555 3056 ad
576 2994 740 3073 Episcopos
771 3009 950 3055 consecrare
971 2992 1058 3055 Pate·

102 3096 156 3138 nas
184 3081 216 3139 et
241 3076 357 3139 Calices
376 3097 508 3157 quornm
530 3080 626 3139 altero
649 3074 761 3137 Christi
783 3074 907 3137 lloruini
932 3073 1057 3152 Sanguis
1171 3112 1173 3117 ·

101 3161 286 3229 continetur,
301 3161 400 3223 altero
418 3158 536 3238 Corpus
550 3159 767 3221 contrectatur.
791 3155 866 3223 Nam
889 3156 1060 3217 testimonia

100 3258 140 3301 ex
161 3241 232 3321 jure
256 3242 371 3318 prolata
403 3241 433 3300 id
455 3244 528 3303 satis
548 3240 630 3301 clare
652 3237 872 3315 comprobant,
896 3252 931 3296 ac
963 3235 1057 3299 fusius

102 3322 284 3385 auctoritate
306 3323 451 3386 Ameleti.
476 3320 581 3403 unget,
604 3318 887 3398 Schmatzgruenen
911 3316 1058 3395 Pasquali-

101 3420 167 3480 go,
191 3403 358 3465 Cardinalis
378 3404 416 3465 de
436 3403 521 3483 Lago
542 3401 746 3465 confirmatur.
782 3400 846 3461 Etsi
868 3405 969 3479 autem
991 3396 1058 3476 Epi·

103 3486 189 3565 scopi
209 3493 361 3561 nequeant
381 3487 411 3547 id
432 3485 585 3547 lacultatis
606 3483 735 3562 simplici
750 3480 902 3544 Sacerdoti
923 3480 1055 3556 elargiri,

107 3572 141 3628 ut
161 3568 258 3645 possit
278 3567 422 3630 Patenam
449 3574 482 3630 et
500 3566 634 3630 Calicem
656 3580 842 3631 consecrare,
860 3561 943 3626 haud
959 3565 1058 3621 tamen
