2567 4042
464 167 665 239 ‘fflffldiss‘’

90 296 286 375 proteramus.
301 294 418 357 Primus
438 298 587 367 omnium,
603 303 638 359 ut
658 296 716 359 riri
731 298 841 360 eruditi
856 299 1041 362 animadver-

89 386 198 450 terunt,
209 376 342 439 lacobus
351 377 502 442 Pamelius
512 381 543 440 in
554 376 837 459 suaLiterpicorem
851 379 1037 451 collectione,

89 463 282 539 Quorum
295 459 432 522 codicum
444 479 513 538 ope,
525 462 635 523 libmm
648 460 912 525 sacramentorum
925 462 956 524 S.
966 462 1042 527 Gre-

89 545 161 621 gorii
182 543 266 621 typis
286 538 513 605 Coloniensibns
532 544 678 620 vulgavit.
702 542 812 606 Secuta
832 550 878 605 est
898 545 957 607 alia
977 546 1043 609 edi·
1074 566 1080 579 ·

90 626 129 686 tio
148 627 232 686 iuter
245 642 337 702 opera
358 623 390 685 S.
405 622 555 704 Gregorii,
572 626 651 703 typis
665 625 817 697 Romanisa
842 644 915 687 eura
936 634 967 689 et
980 635 1039 691 stu·

89 708 136 769 dio
155 706 269 784 singoli
282 706 433 774 Roeehae,
450 708 503 784 qui
517 706 799 769 &crementes-iulo
816 706 1043 786 (despetionem

87 789 170 868 juxta
202 787 360 866 exemplar
380 788 648 851 codicis·Vatieani
676 790 792 860 edidit,
820 807 856 853 ae
878 791 1041 869 separatim

87 871 212 933 scholiis
233 871 406 937 illustrarit,
436 868 483 931 ,At
502 868 621 931 Parisiis
642 869 733 949 nugo
755 872 917 935 Menardus
947 874 1040 935 aliam

90 952 332 1014 Sacramenterii
354 949 535 1031 &cumiani
560 952 723 1015 editionem
750 956 870 1017 curavit
901 955 1038 1035 egregiis·

87 1053 145 1113 qne
157 1034 476 1097 animadversionibus
489 1034 616 1096 ornavit.

125 1116 167 1177 V.
190 1115 321 1177 Missalis
341 1118 488 1188 nomine,
516 1114 687 1195 eujusmodi
715 1117 805 1179 bodie
836 1124 871 1181 et
888 1116 1039 1181 nonnullis

86 1196 200 1260 abhinc
219 1197 348 1260 maculo
370 1196 400 1256 in
422 1198 532 1259 Missae
553 1196 699 1261 sacnfieio
721 1200 891 1279 peragendo
912 1202 1040 1269 utimur,

87 1280 306 1359 antiquissimis
327 1282 515 1357 temporibus
529 1279 605 1341 liber
618 1280 884 1345 §aeramentorum
905 1284 968 1345 sive
982 1279 1042 1345 Ge·

89 1362 246 1434 lasianus,
273 1363 339 1423 stra
359 1358 562 1440 Gregorianus
589 1362 833 1442 intelligebatur,
864 1362 945 1440 quod
975 1365 1037 1442 qut·

86 1446 156 1506 dem
178 1444 267 1505 docet
281 1440 411 1520 Congius
431 1445 461 1503 in
476 1462 532 1505 suo
549 1440 714 1517 Gdomcrie,
731 1446 825 1507 verbo
840 1444 974 1508 Mesala.
991 1444 1042 1507 Lt-

89 1527 142 1588 bro
163 1524 287 1588 illimis·
316 1542 407 1605 saepe
428 1524 499 1585 olim
522 1522 745 1588 missorium
776 1525 1038 1606 conjungebatur,

89 1608 169 1686 quod
191 1613 320 1685 unoque
342 1606 379 1667 ad
402 1607 526 1668 Missam
547 1608 760 1671 celebrandam
776 1607 947 1689 Presbyteri
967 1609 1042 1673 indt-
1120 1618 1123 1625 '

89 1694 205 1767 gerent.
229 1688 317 1762 Quod
339 1695 443 1751 autem
464 1693 580 1767 spectat
601 1690 640 1751 ad
661 1690 815 1755 Missalem
837 1693 965 1762 librum,
989 1710 1043 1753 no·

91 1772 159 1831 stris
178 1770 244 1833 iero
257 1770 399 1837 similem,
423 1771 511 1843 illud,
527 1777 562 1833 ut
582 1770 620 1833 οἰ
644 1773 755 1836 saeculi
777 1773 825 1837 lx
839 1773 1042 1839 monumentis

94 1852 204 1931 liquot,
227 1850 351 1915 Micon
370 1850 554 1933 Platorium
569 1854 801 1931 appellabatur,
825 1855 904 1933 quod
925 1854 1043 1934 singula

95 1935 131 1994 ad
151 1933 268 1995 Missae
278 1935 661 2014 celebrationemsingulis
675 1938 781 1999 diebus
802 1954 983 2015 perannum
998 1936 1043 2001 di-

91 2016 182 2078 eenda
203 2018 381 2086 censuerat
393 2016 490 2094 idque
510 2016 625 2080 iactum
648 2022 693 2077 est
713 2026 769 2096 pro
782 2019 881 2081 Missis
902 2017 1043 2096 privatim
1159 2035 1161 2041 ’

92 2099 234 2160 dicendis.
257 2098 429 2160 ideircoin
443 2099 650 2179 antiquissima
669 2097 811 2178 Synodali
825 2099 1039 2172 admonitione,

93 2179 184 2243 beorn
204 2180 248 2242 IV
270 2180 445 2257 adscripta,
468 2185 616 2243 statutum
637 2185 709 2251 est,
733 2185 767 2245 ut
788 2179 907 2244 maan
930 2179 1042 2243 Planu-

91 2264 185 2333 nam,
197 2258 422 2326 lectionarium
444 2270 470 2323 ct
484 2261 741 2341 Antipboaariam
764 2264 970 2341 unusquisque
986 2262 1041 2325 ha·
1104 2266 1108 2277 “

93 2343 160 2406 beat
175 2368 193 2415 3-
218 2363 297 2423 quae
323 2344 417 2405 verba
444 2351 547 2423 postea
573 2346 601 2405 in
628 2342 810 2407 Pontifiealis
832 2346 958 2407 Romani
980 2346 1043 2410 edl-

92 2426 171 2487 tione
191 2426 231 2486 ab
252 2426 422 2505 Augustino
442 2425 567 2488 Patritio
588 2428 758 2504 recognita,
782 2432 851 2489 sum
872 2427 1039 2497 immutata,

91 2512 123 2568 et
142 2525 251 2571 eorum
272 2510 340 2570 loeo
362 2508 437 2570 baec
460 2508 574 2586 posita:
596 2506 746 2578 Miasolim
772 2507 965 2577 Modestia,
989 2506 1043 2575 Lo

94 2591 298 2657 otiosissime
319 2584 544 2668 Antipboadrio
557 2599 664 2651 aetra
684 2590 746 2655 situ
766 2592 906 2668 complete
928 2599 956 2654 tt
972 2606 1044 2668 pan·

93 2671 176 2748 [aaa.
200 2670 417 2733 offerebantur
436 2677 538 2733 autam
560 2672 667 2749 priscis
681 2672 810 2737 secordis
824 2670 969 2745 Missslia,
985 2690 1045 2737 cen

93 2760 191 2815 sancta
211 2753 347 2822 donaria,
363 2761 455 2831 prout
474 2759 507 2815 et
528 2755 641 2816 caetui
661 2770 816 2818 sacrorum
826 2753 976 2819 librorum
991 2772 1043 2819 eo.-

94 2834 183 2899 diees.
206 2832 393 2913 Huiusmodi
415 2836 564 2897 donorum
586 2836 726 2913 exempla
748 2836 865 2899 damus.
884 2834 1041 2901 Witredus

94 2914 199 2979 Comes
219 2917 344 2979 tradidit
355 2914 511 2979 Ecclesiae
531 2918 564 2980 S.
581 2913 696 2980 Mariae
717 2917 938 2995 Riaipullensis,
952 2934 1043 2997 prae·

96 3001 139 3058 ter
163 3004 282 3061 caetera
312 3016 465 3068 munera,
495 2998 647 3062 Missslem
676 3004 706 3061 et
732 2999 965 3063 Lectionarium.
989 2996 1042 3061 lvo

95 3076 281 3142 carnotensis
301 3078 494 3161 Episcopus,
516 3086 552 3143 nt
573 3086 619 3143 est
640 3083 669 3143 in
691 3080 908 3160 Martyrologie
930 3078 1044 3144 Carne·

97 3164 178 3230 tami,
199 3180 276 3223 suae
289 3160 442 3225 Ecclesiae
464 3160 640 3225 ormmenta
662 3163 804 3241 reliquit:
829 3162 954 3225 Librum
971 3156 1043 3227 Mis·

93 3259 191 3305 sarum
201 3248 234 3305 et
242 3242 447 3322 Epistularum
461 3248 494 3306 el
508 3249 625 3308 textum
637 3242 883 3324 Evangeliorum‚
898 3251 929 3312 et
944 3262 1041 3313 unum

94 3322 315 3391 lectiomrium
341 3327 551 3389 matutinalem
581 3326 688 3397 dedit,
723 3332 754 3391 et
778 3345 884 3391 omnes
912 3332 1037 3405 argento

95 3408 218 3483 pacarit.

131 3487 184 3551 Vl.
213 3488 326 3551 Missali
348 3488 440 3551 Libro
462 3487 685 3553 harenarium
717 3464 935 3568 utplurimum
968 3505 1040 3558 eon,-

94 3565 227 3641 iunctm
247 3572 317 3641 luit,
331 3572 413 3649 quod
434 3571 493 3636 boc
514 3572 704 3637 etiamlibro
725 3572 756 3634 in
777 3571 889 3635 Missae
905 3570 1038 3634 celebra·
