2567 4042
363 345 366 348 ·
399 313 550 390 LIBER
577 313 782 391 SEXTUS.

318 533 364 580 os
390 533 540 583 rrrumrs
566 534 610 584 ur
637 499 863 584 exuncrsnrrs.

504 733 676 745 m«

505 1284 631 1345 CAPUT
655 1287 679 1345 l.

343 1463 385 1505 oc
406 1463 534 1507 rsruruo
555 1463 834 1518 euronrcssrnru.

159 1609 185 1670 1.
209 1608 292 1670 luter
313 1626 363 1668 res
384 1611 555 1686 spirituales
578 1610 618 1690 (1)
634 1627 712 1686 quae
734 1611 853 1672 animae
875 1609 1070 1671 sanctificatio

110 1693 141 1752 ni
163 1696 304 1770 prosunt,
327 1687 480 1768 Ieiunium
502 1695 594 1754 otiam
613 1693 806 1754 adcensetur.
829 1691 918 1752 Bono
939 1701 982 1752 ost
996 1710 1072 1752 oru-

108 1774 150 1834 tr'o
176 1771 299 1853 (Tobiae
320 1771 393 1850 Cap.
411 1770 474 1832 Xll
495 1791 525 1834 v.
548 1771 580 1853 8)
603 1792 671 1833 cunr
689 1776 809 1854 jejunio
835 1777 863 1834 tt
878 1773 1070 1852 eleemosyna.

107 1853 361 1915 Humilicrsnrnt
382 1854 501 1914 animus
514 1874 585 1916 roos
601 1852 717 1935 (tudun
733 1854 804 1933 Cap.
821 1854 868 1915 lX
884 1871 913 1912 v.
930 1851 966 1932 8)
983 1855 1016 1914 in
1026 1857 1073 1934 jo·

103 1935 206 2017 ironiis
221 1945 250 1995 et
265 1935 461 1995 orationibus.
478 1933 689 1997 Humiliobom
709 1939 744 1996 in
753 1938 874 2017 jejunio
889 1933 998 2015 (aiebat
1012 1936 1073 1996 Da·

108 2017 159 2077 vid
180 2015 300 2078 Psalmo
322 2014 467 2077 XXXIX
490 2036 519 2077 v.
546 2016 607 2096 13)
626 2019 762 2076 animum
783 2035 904 2084 meam,
928 2027 953 2077 ct
974 2018 1071 2078 oratio

108 2116 179 2160 meo
208 2098 242 2157 r‘n
267 2101 337 2160 sinu
361 2117 425 2158 meo
451 2108 651 2161 convertetur.
685 2097 886 2176 Praecipuum
919 2099 1071 2177 jejunium

111 2179 195 2258 quod
216 2179 341 2258 singuiis
355 2179 441 2240 annis
462 2181 652 2250 occurrebat,
669 2180 933 2258 Quadragesimale
955 2177 1073 2239 diceba·

112 2267 177 2329 tur,
194 2279 302 2339 graece
317 2275 556 2340 rercapaeoren.
573 2261 641 2322 Janr
664 2281 738 2323 vero
760 2261 789 2322 id
813 2263 910 2338 ipsum
923 2259 1073 2339 jejunium

109 2343 332 2422 anteportale
353 2342 416 2422 jam
433 2344 500 2406 inde
515 2343 644 2404 abuero
664 2342 826 2421 apostolico
843 2341 1070 2424 adexemplum

107 2422 220 2504 jejunii
240 2443 260 2485 a
281 2422 354 2484 lesu
375 2423 509 2496 Christo,
533 2426 685 2503 altiores,
709 2431 799 2501 atque
822 2426 860 2485 ab
876 2426 943 2486 Elia
965 2439 1067 2484 serva·

107 2507 154 2577 ti,
179 2507 217 2567 ed
239 2505 437 2583 quadraginta
458 2507 577 2568 circitor
604 2507 669 2568 (lies
692 2507 813 2584 produci
835 2513 976 2584 coeptum
1000 2511 1069 2566 est-r

109 2586 239 2665 indeque
259 2587 507 2663 Quadrageoma,
530 2606 607 2664 quae
630 2606 709 2649 nunc
732 2595 789 2657 est,
815 2605 902 2649 suam
925 2587 1072 2664 originum

109 2669 215 2730 traxit.
233 2668 436 2732 Tertullianus
458 2668 524 2730 Lib.
547 2671 585 2730 de
600 2665 733 2750 Jejunir's
749 2668 821 2747 Cap.
837 2668 865 2730 ll
888 2669 939 2730 ubi
960 2669 998 2729 de
1012 2666 1069 2730 Ca·

110 2748 294 2814 thollcorum
307 2749 432 2828 jejuniis
446 2752 518 2828 agit,
534 2751 577 2811 sic
590 2752 734 2829 loquitur:
754 2749 843 2813 Certe
857 2752 891 2811 in
906 2748 1069 2827 Ecunpclio

112 2832 179 2894 tttor
204 2831 266 2894 dier
271 2831 400 2914 jejuniis
415 2829 627 2893 determinatos
637 2839 759 2910 putant,
776 2833 811 2892 in
826 2833 932 2910 quibus
957 2833 1075 2892 oblatio

115 2923 160 2975 ou
177 2909 320 2993 Sponsor.
337 2911 410 2975 Dies
431 2913 541 2990 quibus
561 2914 679 2974 ablatus
700 2918 747 2974 est
760 2912 902 2992 Sponsus,
919 2917 988 2972 suot
1009 2912 1073 2972 dies

114 2995 371 3072 aute-paschales.
394 2993 476 3067 Quot
496 2994 540 3057 illi
561 2995 699 3061 tuerint,
729 3013 788 3058 non
816 2995 888 3056 dicit
915 2992 1075 3054 Tertullia-

115 3094 199 3148 nus3
222 3077 274 3138 sod
299 3076 365 3139 illos
391 3073 508 3154 jejunio
525 3083 720 3137 consecratos
747 3078 777 3136 in
799 3074 935 3138 Ecclesia
957 3072 1072 3144 tuisse,

111 3157 226 3219 diserte
248 3157 372 3234 asserit,
395 3164 427 3219 et
448 3175 486 3219 ex
501 3158 716 3236 Apostolorum
739 3164 900 3236 praecepto
921 3156 1073 3236 jejunium

112 3238 186 3302 illud
208 3239 237 3298 in
252 3257 413 3302 commuue
427 3238 519 3300 luisse
533 3239 710 3302 Christianis
727 3240 867 3301 omnibus
881 3238 1069 3301 obeundum.

112 3319 240 3386 Sanctus
254 3320 397 3384 irenaeus
411 3321 441 3380 iu
456 3318 591 3399 Epistola
603 3321 641 3381 ad
658 3319 813 3382 Victorem
828 3337 983 3384 summum
996 3317 1072 3380 Pon-

151 3515 187 3574 (1)
205 3513 332 3576 valfredi,
353 3514 390 3563 lle
407 3527 459 3563 usu
479 3519 506 3565 et
521 3513 700 3566 institutione
717 3513 905 3580 injunctorum,
918 3495 1002 3578 Caput
1015 3517 1035 3563 V
1048 3522 1073 3563 ct
1171 3515 1173 3520 “

119 3593 194 3646 wqq.
