2567 4042
476 209 702 285 winim-

104 340 214 415 ¹Tecum
234 341 421 422 principium
444 344 477 401 iu
499 341 547 403 die
565 343 689 402 uirtutis
708 348 787 401 tuuc.
806 341 844 401 lo
858 339 1061 419 splendoribus

103 422 296 494 &actorum
312 441 351 483 cx
363 433 450 486 utero
464 436 531 485 aute
542 424 705 501 luciferum
715 425 804 501 penui
816 433 854 482 te.
865 423 907 484 lla
916 423 1057 484 Sacerdo-

17 520 18 527 ‘
99 508 141 566 tio
152 506 266 568 Christi
282 507 357 566 baec
373 507 474 584 accipe
491 505 608 566 Psalmo
622 503 693 564 clx
705 523 735 563 v.
749 503 769 563 b
784 505 815 564 5:
829 505 946 566 Iuravit
958 505 1060 565 Domi-

98 607 167 658 uur,
182 597 285 648 et'uoo
299 581 537 666 poenitebitcum.
552 586 593 647 Tu
609 604 636 647 ee
650 587 793 648 Sacerdos
807 588 841 646 iu
850 601 1005 646 oeternum
1018 600 1060 653 se]

100 669 235 731 cundum
252 669 387 730 ordinem
404 667 625 742 Melclriscdcclr.
645 668 776 746 idipsum
793 676 910 729 constat
930 687 969 729 ex
985 666 1062 745 psal-

102 770 154 814 mo
169 753 427 830 vigesimaprima,
452 769 512 828 quo
535 750 636 811 Passio
658 754 690 810 et
710 748 795 810 Mors
815 749 938 821 Christi,
961 759 994 812 et
1008 765 1061 810 ro-

101 835 181 896 catio
196 835 402 911 gentiumper
413 832 601 894 Salvatorem
614 839 698 912 parta
711 833 971 908 praenuntiantur.
996 829 1059 892 Nec

101 917 184 980 euim
208 916 337 985 tractui,
362 933 416 975 nec
439 914 496 976 alic
518 916 672 994 cuiquam,
697 921 817 988 praeter
838 915 957 985 lesum,
981 911 1062 975 haec

17 1021 18 1044 t
102 997 308 1060 conventum:
332 998 414 1057 Deus
429 998 509 1058 Deus
523 1015 605 1056 meus
624 997 737 1075 respice
762 999 866 1064 inmo,
894 1016 986 1076 quere
1012 1014 1060 1056 mc

102 1079 316 1158 dereliquisti.
338 1121 344 1136 .
364 1123 371 1137 .
389 1075 543 1139 Foderunt
572 1097 682 1139 monus
701 1097 800 1148 meos,
825 1090 851 1139 ct
860 1079 949 1156 pedes
970 1097 1059 1139 meos.

17 1195 18 1220 ;
102 1161 384 1222 Diuumoroocruat
409 1162 510 1219 omuiu
537 1177 600 1220 osec
622 1178 700 1220 mee.
725 1159 835 1221 Merito
858 1163 957 1236 itaque
972 1160 1063 1221 -Ter·

17 1285 18 1305 t
102 1243 248 1304 tullianus
269 1241 359 1302 Libro
381 1248 486 1303 contra
507 1242 675 1307 Praxeam.
709 1239 782 1320 Cap.
806 1242 827 1300 0
855 1243 917 1301 ait:
949 1241 1006 1302 Sed
1033 1251 1062 1302 ct

102 1325 204 1384 omues
220 1342 294 1405 pene
322 1322 435 1384 Psalmi
452 1323 564 1385 carati
584 1341 745 1401 personum
766 1327 924 1391 cocciacus,
948 1321 1063 1383 dilium

102 1405 145 1494 pd
161 1404 282 1466 Putrem
295 1405 371 1465 idest
389 1405 539 1467 Christum
560 1405 600 1465 ud
614 1405 713 1464 Deum
727 1407 816 1465 uerbo
837 1405 995 1484 [ocientem
1018 1423 1064 1465 re·

101 1497 308 1570 praenotatam.

18 1635 19 1638 ,
109 1619 113 1626 .
146 1569 202 1630 tlt.
226 1569 330 1642 Quoad
347 1569 558 1630 obscuritatem
574 1569 641 1628 libri
659 1568 858 1639 psalmorum,
878 1572 978 1645 plures
993 1576 1064 1629 sunt

106 1658 206 1714 tautae
230 1651 422 1710 obscuritatis
443 1669 564 1712 causae.
589 1651 690 1711 Primo
716 1652 828 1720 Textus
855 1652 989 1712 hebraici
1012 1652 1066 1710 ab·

103 1731 257 1800 sicuritas,
282 1750 360 1808 quae
382 1750 453 1794 sane
475 1736 503 1793 in
527 1733 661 1812 psalmis.
686 1739 788 1812 utpote
811 1735 926 1811 poetice
949 1740 979 1794 et
1001 1751 1066 1795 me·

105 1817 182 1876 trice
198 1817 329 1891 seriptis,
348 1816 441 1892 magis
463 1833 553 1892 quam
576 1817 605 1874 in
622 1816 688 1874 aliis
704 1833 792 1890 prosa
814 1819 945 1876 exaratis
967 1817 1064 1887 libris,

105 1914 172 1958 sese
192 1897 306 1973 prodit.
324 1895 462 1956 Secundo
492 1904 671 1974 apparentes
693 1899 851 1974 antilogion
873 1917 926 1957 seu
948 1905 1065 1958 contra-

106 1979 254 2039 dictiones
272 1999 285 2049 ;·
315 1981 453 2054 unicuivis
476 1997 581 2057 reapse
604 1979 680 2038 tales
710 1977 768 2037 non
790 1982 860 2038 siut.
883 1980 986 2040 Tertio
1013 1997 1066 2040 va-

105 2061 200 2121 riatas
222 2078 387 2126 sensuum,
422 2079 489 2122 cum
513 2063 589 2121 alius
611 2061 650 2120 sit
670 2078 774 2120 sensus
797 2062 918 2122 literalis
940 2078 992 2120 seu
1020 2062 1067 2120 hi·

106 2143 248 2207 einricus.
272 2141 348 2202 alius
370 2145 525 2221 mysticus.
538 2143 654 2216 Quarto
676 2144 839 2218 praedictio
867 2161 971 2203 rerum
986 2141 1066 2203 iutu-

106 2243 226 2298 rarum.
250 2222 318 2296 Quo
340 2243 411 2284 sane
434 2225 617 2286 difficiliores
643 2225 749 2302 psalmi
781 2226 817 2285 ad
840 2225 1066 2304 percipiendum

107 2307 271 2373 uidentur,
296 2322 364 2365 cnm
389 2305 546 2384 piusquam
568 2313 690 2368 ceterae
711 2306 884 2390 Scripturas
907 2307 1067 2366 affectibus

107 2389 284 2457 abundent,
318 2393 348 2448 et
369 2389 513 2465 qrridquid
537 2391 567 2450 in
591 2390 649 2450 illis
671 2395 742 2457 est,
776 2390 804 2448 in
828 2407 860 2448 se
882 2392 1066 2449 contineant.

104 2473 241 2534 ‘Librum‘
262 2471 445 2546 psalmorum
468 2489 534 2530 esse
556 2469 642 2531 valde
662 2473 849 2540 obscurum,
875 2472 947 2532 nibil
972 2471 1068 2548 magis

38 2593 41 2599 -
106 2553 243 2634 probat,
268 2570 357 2627 quom
381 2553 526 2612 immensa
554 2553 848 2631 Commentariorum
888 2557 916 2612 in
940 2554 1070 2630 psalmos

108 2636 262 2698 editorum
278 2633 452 2694 multitudo.
478 2634 554 2696 Sunt
574 2637 625 2711 qui
642 2635 723 2695 ultra
734 2635 795 2699 500
810 2637 1066 2702 enumeraverim,

107 2735 168 2794 uon
192 2716 372 2793 computetis
393 2722 531 2776 veterum
554 2715 677 2796 Paltrum
701 2718 938 2776 commentariis.
962 2715 997 2776 P.
1015 2716 1070 2774 Le-

107 2799 196 2874 Loug
219 2798 358 2858 sacerdos
380 2795 523 2866 oratorii,
547 2799 689 2868 sedulus,
713 2800 737 2858 si
760 2801 828 2876 quis
850 2799 926 2859 alius
948 2802 979 2858 et
1000 2815 1072 2858 exa·

109 2889 178 2943 ctus
193 2897 300 2938 earum
317 2897 420 2940 rerum
435 2885 652 2958 perscrutator,
678 2882 816 2957 expausis
833 2879 941 2941 tabulis
956 2879 993 2940 ad
1009 2876 1071 2937 030

109 2962 276 3030 recensuit,
299 2961 335 3022 iis
350 2961 490 3038 demptis,
515 2962 566 3038 qni
581 2981 673 3039 suaper
695 2965 867 3023 universam
883 2961 1071 3039 Scriptorum

110 3043 337 3106 Commentaria
359 3042 605 3113 elucubrarunt‚'
629 3046 696 3105 tum
718 3051 750 3105 et
770 3046 827 3112 iis,
858 3045 908 3121 qui
938 3042 1070 3120 psalterii

111 3126 303 3188 antummodo
320 3131 435 3202 partem
458 3126 590 3204 aliquam
606 3129 759 3204 prosecuti
786 3130 873 3197 sunt;
898 3131 933 3184 ut
948 3123 1072 3203 proinde

112 3212 191 3269 teste
212 3203 346 3268 Calmeto
370 3210 398 3268 ln
421 3209 611 3270 Dictioucrio
633 3207 747 3269 Biblico
766 3209 797 3270 V.
816 3206 954 3268 Psolmus
976 3206 1072 3266 omni-

112 3287 170 3350 bus
197 3290 351 3359 collectis,
374 3291 412 3352 ad
436 3289 516 3352 1000
537 3293 718 3369 scriptomm
747 3291 775 3349 in
799 3292 926 3368 psalmos
952 3305 1074 3348 summa

111 3374 242 3432 constet.
269 3370 402 3442 Accedit,
428 3372 508 3450 quod
523 3375 614 3434 etiam
637 3381 705 3451 post
719 3370 812 3449 hujus
827 3371 959 3432 auctoris
974 3387 1075 3431 asser·

114 3459 184 3514 tum·
202 3452 324 3530 quidam
348 3453 376 3513 in
392 3454 576 3533 psalmorum
590 3457 775 3533 expositione
792 3471 900 3530 magno
915 3452 1014 3512 studio
1028 3453 1072 3512 la-

113 3533 300 3595 boraverint.
324 3534 431 3599 Pulcra
446 3535 626 3615 Radulphus
642 3535 771 3616 Propi)
792 3537 924 3614 psalmos
945 3552 1072 3594 mannae

115 3623 283 3696 comparat,
307 3617 418 3680 babent
439 3619 519 3680 enim
541 3620 596 3691 illi,
620 3625 654 3681 ut
674 3626 707 3682 et
727 3619 806 3682 istud
829 3636 919 3680 omne
940 3618 1079 3678 delecta·

258 3713 316 3768 Vol.
336 3718 358 3774 1,
904 3716 940 3769 20
