2567 4042
445 193 669 268 *mittr—

93 321 127 385 tio
146 323 273 398 primum
287 320 436 400 jejunium
451 322 529 390 sieri,
546 324 773 390 alternantem
798 326 825 382 iu
844 322 1032 385 bebdomada

92 403 265 465 Pentecostcs
292 410 438 482 perpetua
467 407 531 482 lege
554 405 719 465 constituit.
745 404 790 464 lta
813 408 1033 466 commemorat

90 483 258 562 liicrologus
280 484 354 564 Cap.
372 484 412 544 ta
433 491 464 546 et
483 485 536 547 25.
548 487 715 558 Concilium
731 486 927 548 Claromontii
949 485 1033 546 trabi·

91 571 146 626 tum
165 566 218 627 suh
239 565 363 628 Urbano
385 569 517 634 secundo
538 570 690 636 decernit,
716 574 768 636 ut,
788 569 940 647 jejunium
961 583 1032 626 sem·

87 665 144 724 per,
159 649 191 708 in
211 648 398 708 bebdomada
421 646 602 710 Pentecosten
622 650 796 710 celebretur.
820 649 930 710 Conier
952 647 1031 710 Ode·

89 730 175 789 ricom
197 729 350 796 vitalem,
374 725 522 791 Historia
536 729 744 791 Ecclesiastico
766 729 832 790 Lib.
851 730 910 802 1X3
927 729 1030 790 Mura-

88 811 186 871 torium
207 813 236 870 in
250 809 411 872 ,meedotis
433 811 499 871 Lib.
513 809 541 870 ll
557 813 737 872 Dissertatio
761 811 794 872 tlt
812 809 936 894 Jejunio
959 830 1032 890 quo·

88 903 145 952 tuor
163 903 335 972 temporum.
348 891 528 954 Praesertim
550 901 652 954 autom
675 893 819 954 videndus
840 900 885 955 est
906 893 939 954 P.
953 891 1031 954 Tho·

87 991 142 1034 mas
162 973 295 1036 Vallredi
330 973 365 1034 dc
392 971 451 1034 Usu
487 985 514 1033 ct
535 974 729 1035 Institutione
747 976 935 1055 jejuniorum
958 993 1030 1053 puu-

87 1064 146 1114 tuor
165 1066 342 1134 temporum.

119 1135 155 1196 ll.
178 1137 319 1198 Plurimis
340 1137 378 1195 de
395 1138 494 1196 causis
517 1137 687 1198 celebratur
710 1138 769 1198 hoc
791 1136 949 1217 jejunium.
967 1134 1031 1195 Pu..

84 1235 158 1278 rnum
174 1219 296 1296 quidem
319 1236 356 1278 ne
371 1217 487 1285 iudaei,
503 1220 554 1293 qui
577 1217 697 1294 publice
714 1221 858 1280 indictum
880 1218 1027 1297 jejunium

84 1311 180 1373 quater
201 1301 232 1360 in
253 1319 330 1360 anno
354 1301 492 1377 religiose
514 1300 684 1372 servabant,
708 1300 892 1362 Christianos
916 1306 1029 1375 tempe·
1051 1318 1055 1322 ·

84 1383 188 1442 raetiae
209 1383 328 1442 virtute
350 1387 538 1460 superarent.
556 1382 696 1459 Insuper,
720 1402 790 1444 cum
813 1401 828 1442 a
852 1381 947 1443 veteri
970 1381 1028 1442 Ec-

83 1461 181 1527 clesiae
203 1463 358 1540 disciplina
381 1463 581 1524 recedendum
605 1462 721 1530 luerit,
751 1465 789 1524 ob
812 1481 901 1542 quam
925 1479 1028 1523 saccae

83 1541 285 1608 Ordinationes
307 1564 409 1608 meuse
432 1545 591 1606 Deccmbri
613 1550 729 1606 tanturn
754 1546 858 1606 baberi
880 1543 1027 1612 solebant,

81 1627 116 1686 ob
136 1627 224 1705 idque
246 1627 305 1688 alia
329 1629 383 1688 tria
407 1634 555 1704 tempora,
580 1644 652 1688 rere
673 1627 807 1698 scilicet,
831 1631 967 1698 aestate,
990 1643 1025 1688 ac

80 1711 219 1771 autumno
239 1710 422 1774 ineuntibus,
439 1709 476 1768 ad
493 1708 558 1768 illas
579 1711 766 1786 peragendas
787 1708 947 1770 constituta
963 1705 1028 1768 luc-

78 1790 143 1859 rint,
165 1794 285 1855 omnino
307 1791 674 1861 rationiconsenlaneum
694 1792 792 1852 risum
815 1798 871 1858 est,
896 1794 929 1852 nl
948 1786 1028 1866 jeju-

79 1871 154 1932 nium
177 1875 288 1950 pariter
303 1873 509 1938 adhiberetur,
527 1872 781 1948 qrremadmobum
803 1891 838 1932 ex
855 1871 953 1934 Sacris
969 1869 1027 1930 Lit·

78 1956 145 2014 teris
165 1954 422 2034 deprehenditur,
446 1954 519 2014 drrm
542 1952 722 2024 Barnabae,
747 1972 780 2014 ac
804 1953 886 2026 Sauli
909 1951 1028 2012 ordina·

78 2036 182 2098 tionem
197 2041 453 2097 commemorant.
476 2032 557 2094 Tunc
573 2033 652 2113 (Act.
670 2034 771 2114 etpost.
789 2035 862 2113 Cap.
880 2031 968 2114 Xlll]
980 2037 1029 2114 je.

73 2121 220 2193 ‚iuneuteu
245 2128 273 2178 rt
293 2127 434 2185 oroutcs,
454 2118 693 2194 imponentesque
717 2119 885 2188 sistuanus
908 2113 1033 2179 dimisc-r

75 2208 143 2260 suut
163 2203 236 2261 ilios.
260 2198 362 2262 Tertio
398 2203 432 2258 ut
454 2215 508 2274 pro
530 2197 666 2275 frugibus
689 2199 754 2260 Deo
776 2199 887 2276 gratias
909 2197 1025 2273 persol-

75 2297 189 2352 tonos,
207 2300 277 2342 cunr
299 2283 336 2340 iis
357 2281 518 2359 praecipue
540 2280 726 2354 temporibus
748 2281 797 2340 rel
820 2287 918 2340 terrae
942 2295 1026 2336 man·

75 2362 192 2432 dentur,
216 2363 263 2422 sel
286 2364 516 2429 maturescant,
540 2360 802 2422 rrl‘desectaein
826 2363 935 2421 borrea
957 2376 1024 2420 cou-

75 2462 122 2504 vre
144 2449 245 2507 antur.
509 2491 513 2498 .
559 2504 562 2511 ,
896 2489 899 2496 .
958 2465 960 2469 ·

75 2489 90 2519 ⁰
111 2463 171 2590 lii,
190 2511 348 2590 Noarruliis
370 2526 398 2584 in
421 2525 494 2584 locis
515 2525 639 2598 singulis
661 2525 750 2586 etiam
774 2523 926 2596 mensibus
947 2520 1024 2601 jeju-

77 2609 120 2666 nia
144 2606 385 2677 celebrabantur,
408 2605 489 2667 italio
509 2612 541 2665 et
561 2606 699 2682 Augtrslo
721 2606 863 2684 exceptis.
888 2604 1025 2666 Proiecto

76 2706 126 2763 per
148 2686 310 2762 Hispanias
337 2688 365 2746 id
388 2687 550 2747 obtinuisse
571 2692 695 2746 constat·
715 2706 750 2748 ex
773 2687 904 2750 Concilio
926 2685 1025 2746 lilibe-

74 2771 176 2837 citano,
193 2770 265 2829 Can.
284 2765 392 2830 XXlll
414 2786 475 2844 qno
496 2770 648 2829 sancitur:
668 2766 861 2849 Jejuniorum
883 2785 1023 2847 supcrpo-

74 2853 176 2912 sitione
202 2868 259 2927 pcr
279 2851 409 2928 sinpuloe
436 2867 546 2910 meuses
564 2851 682 2927 placuit
707 2850 868 2924 celebrari,
897 2851 1025 2926 suceptio

76 2931 174 2994 diebus
207 2931 338 2998 duorum
361 2934 506 2992 mensium
526 2928 626 2997 tutti,
661 2943 688 2992 et
711 2929 1034 3008 superstantium,

75 3015 196 3075 sitiones
216 3013 403 3091 jejuniorum
425 3013 551 3087 tortasse
573 3013 652 3072 dicta
675 3019 755 3078 sunt,
780 3018 832 3072 aut
853 3011 931 3088 quod
956 3012 1025 3087 rigis

75 3096 289 3165 dioraessent,
314 3107 403 3172 qtram
427 3095 478 3154 ilia
499 3093 591 3160 leriae
613 3093 656 3154 lV
678 3100 709 3156 et
727 3092 778 3161 Vl,
802 3093 849 3154 vel
873 3092 951 3168 qrrod
975 3109 1025 3152 uo-

73 3193 125 3238 tae
145 3182 246 3244 essent
275 3177 491 3246 institutionis,
518 3180 611 3252 atque
638 3175 674 3236 ad
698 3173 836 3253 Episcopi
866 3171 1025 3234 arbitrium

74 3259 246 3330 indicenda3
272 3256 370 3326 utiin
392 3256 472 3318 hune
494 3274 641 3319 canonem
665 3263 746 3318 recte
768 3256 909 3316 observat
924 3253 1025 3330 Albae-

75 3341 206 3414 pinaens,
229 3337 349 3419 Jejunia
370 3336 412 3398 lV
435 3335 523 3399 ctVl
546 3337 638 3398 leriae
662 3339 701 3398 ita
716 3354 845 3415 ,semper
868 3337 896 3396 in
920 3334 1024 3396 Eccle-

75 3422 110 3482 sia
133 3420 272 3500 conjucta
287 3420 384 3490 luere,
402 3426 435 3480 nt
451 3425 592 3480 neutrum
607 3425 781 3496 separatum
799 3435 929 3494 unquam
946 3417 1040 3494 apnd'

73 3509 189 3564 ueteres
204 3503 302 3579 legas.
326 3498 433 3576 Neque
455 3517 529 3561 uero
550 3499 589 3558 ab
610 3499 668 3559 bac
690 3499 844 3574 disciplina
865 3499 1025 3560 abborue·

75 3593 136 3644 nrnt
157 3585 255 3660 quarti
277 3588 308 3642 et
329 3581 518 3658 sequentium
540 3580 730 3642 saeculorum
753 3579 868 3641 Patres:
885 3581 1024 3660 immoni
1062 3619 1064 3624 .
