2567 4042
611 181 834 254 diffidi&-

245 311 449 378 conciliatione
472 310 695 374 haereticorum
717 313 914 385 adhibendae,
931 322 976 377 est
998 317 1085 394 plane
1107 316 1130 377 is
1143 335 1186 376 an-

245 396 442 477 tiquissimus.
467 391 621 471 Impositio
644 411 760 466 manus,
783 399 826 457 uti
849 398 988 459 observat
1008 399 1123 478 Lupus,
1144 404 1187 460 esi

246 480 366 543 omnino
388 476 627 552 poenitentialis;
652 478 816 554 probatque
837 481 1012 558 auctoritate
1034 479 1066 541 S.
1090 481 1189 559 Augu·

246 562 327 628 atini,
343 558 396 635 qui
411 556 504 617 Libro
519 556 563 617 111
578 556 622 617 Do
635 555 789 638 Baptismo
804 572 910 622 contro
921 559 1104 631 Donatistae,
1117 563 1185 641 Cap.

242 643 320 723 XVI
340 641 383 700 sic
404 640 521 716 inquit:
546 637 659 701 Manus
679 649 777 701 notem
795 644 944 722 impositio
969 661 1029 705 non
1050 643 1127 706 sicut
1146 646 1189 704 bo

237 729 366 808 priamus
389 721 483 801 reperi
503 731 688 801 conpotem.
718 721 800 798 Quid
825 729 904 786 enim
930 737 969 788 est
994 725 1107 792 aliud,
1134 729 1190 786 nisi

242 809 339 871 oratio
359 820 449 884 sopor
468 801 635 864 bominem?
653 804 776 866 Manum
799 807 885 868 istam
907 807 978 868 lieet
997 807 1190 886 poenitentia·

242 894 302 953 lem
317 884 445 964 majores
460 886 553 946 nostri
566 891 711 948 vocarunt
732 889 841 963 passim
864 907 986 950 manum
1001 889 1188 968 in'Spiritum

242 974 395 1035 Sanctum,
418 971 453 1026 ut
472 968 513 1028 ita
534 984 638 1027 omnes
659 968 697 1027 ad
718 967 883 1032 Ecclesiam
904 969 1058 1034 venientes
1081 973 1186 1034 haere·

242 1057 294 1116 tici
327 1054 356 1111 in
380 1051 444 1124 ipso
466 1049 602 1126 ingressu
623 1045 861 1127 profiterentur,
886 1055 989 1115 nullibi
1010 1053 1067 1114 nisi
1090 1055 1121 1114 in
1136 1052 1188 1115 Ca·

243 1136 355 1200 tholica
370 1129 506 1190 Ecclesia
527 1131 592 1190 dari
613 1130 757 1208 Spiritum
779 1134 932 1208 Sanctum,
956 1143 987 1197 et
1008 1136 1076 1195 ideo
1100 1154 1132 1197 se
1153 1137 1187 1196 ad

243 1220 325 1280 illam
345 1213 475 1282 venire,
499 1218 534 1272 ut
554 1213 592 1272 ab
613 1214 678 1290 ipsa
701 1215 779 1277 hunc
801 1217 957 1296 accipiant.
980 1216 1008 1291 Q
1030 1217 1132 1280 ocirca
1153 1218 1191 1279 la-

241 1303 303 1380 psis
323 1303 354 1359 et
375 1294 453 1354 natis
472 1294 630 1356 haereticis
651 1297 860 1373 imponebatur
874 1317 980 1360 manus
1002 1237 1061 1360 allia
1074 1307 1109 1362 et
1122 1299 1190 1375 alia,

241 1384 320 1444 idest
340 1379 405 1439 aliis
426 1377 592 1456 purgativis
614 1379 755 1454 precibus
776 1384 808 1440 et
828 1381 934 1442 ritibus
955 1382 1089 1453 vestita,
1114 1386 1192 1444 utra·
1258 1435 1259 1440 ,

241 1482 300 1543 que
322 1468 422 1522 tamen
446 1459 676 1534 poenitentialis.
693 1458 826 1523 Eandem
849 1465 950 1539 itaque
972 1481 1096 1524 manum
1120 1465 1191 1524 anti·
1258 1489 1259 1510 1

166 1549 171 1558 ’
241 1548 294 1625 qui
309 1545 411 1606 Patres
432 1541 613 1617 quandoque
633 1541 667 1601 in
708 1543 900 1605 seutentiam
920 1545 1035 1616 dieunt,
1058 1545 1191 1623 quando

240 1646 300 1706 que
330 1643 403 1687 vero
433 1621 463 1679 in
488 1621 637 1700 Spiritum
693 1634 823 1685 anctum.
848 1625 943 1689 Docet
966 1627 1042 1688 haec
1072 1627 1190 1705 quidem

240 1711 344 1788 Lupus
365 1709 395 1767 in
420 1700 572 1765 Cononem
599 1704 658 1766 Vll
684 1702 807 1768 Consilii
828 1706 842 1767 l
863 1707 1186 1785 Constantinopolitani.

240 1793 353 1854 Extant
372 1785 453 1864 apud
467 1783 635 1863 Scriptores
650 1785 876 1852 Ecclesiasticus
898 1792 998 1852 variae
1020 1789 1186 1870 abjurandi.
1258 1817 1259 1876 p

241 1873 416 1936 schismatis
437 1868 586 1929 formulae
608 1885 663 1946 pro
686 1874 882 1949 temporum,
908 1873 1066 1944 locorum,
1093 1889 1190 1952 perso
1258 1935 1259 1956 p

241 1971 349 2018 narum
370 1971 405 2013 ac
429 1967 533 2010 rerum
554 1952 711 2012 varietate.
1258 1957 1259 1992 l

280 2035 320 2098 V.
344 2031 487 2096 Eormula
508 2030 693 2110 abjurandae
708 2033 842 2096 haeresis
863 2053 940 2114 quac
955 2034 984 2096 in
1000 2041 1104 2098 nostro
1117 2036 1188 2097 Pon-

242 2119 344 2182 tificali
366 2115 479 2192 incipit:
503 2111 566 2193 Epo
591 2133 764 2193 cognoscens
777 2135 882 2178 esrom
904 2115 1092 2180 catholicam
1109 2115 1186 2180 etA-

236 2203 410 2284 postolicom
421 2193 526 2257 Fidem
546 2202 604 2258 etc.
622 2198 779 2277 desumpta
801 2206 848 2260 est
869 2217 907 2260 ex
921 2197 1050 2266 Canens,
1063 2199 1188 2278 EpoBc·
1257 2239 1258 2243 ,

240 2283 400 2364 rengarius
422 2279 467 2339 Ile
488 2280 728 2348 consecratione,
751 2279 945 2341 Distinctione
967 2279 1007 2342 ΙΙ.
1024 2281 1058 2342 ln
1082 2282 1188 2343 antesi·
1215 2303 1218 2311 ·
1255 2285 1256 2290 ’

240 2368 344 2446 granis
358 2369 390 2425 et
405 2361 676 2440 propugnatoribus
699 2361 843 2431 haeresis,
860 2380 894 2422 ac
909 2362 1121 2434 schismaticis,
1138 2364 1185 2440 qni
1256 2393 1257 2406 ι

240 2451 314 2509 alios
335 2445 444 2513 errori,
469 2445 500 2502 et
521 2441 639 2502 factioni
662 2442 899 2521 implicaverant,
917 2461 953 2505 ea
974 2463 1098 2523 quoque
1120 2461 1186 2504 con-

240 2531 312 2590 ditio
334 2529 405 2588 olim
428 2525 629 2587 communiter
650 2526 794 2602 requisita
815 2525 881 2594 luit,
899 2531 932 2587 ut
946 2526 1104 2603 deceptam
1128 2543 1187 2586 ase
1255 2535 1256 2538 ’

240 2610 461 2672 multitudinem
483 2605 676 2676 reducerent,
701 2608 877 2685 prinsquam
899 2608 1119 2670 absolutionem
1140 2609 1187 2668 ob

240 2694 378 2753 haerent.
392 2689 525 2752 Eandem
547 2689 680 2765 regulam
703 2693 852 2749 servatam
868 2707 988 2767 semper
1002 2691 1040 2750 ab
1055 2689 1185 2752 Ecclesia

240 2772 354 2836 constat
369 2793 427 2835 non
443 2770 532 2830 modo
548 2771 577 2830 in
592 2768 821 2832 Hactesiarohis
833 2771 885 2831 sed
899 2777 930 2832 et
945 2774 972 2831 in
987 2772 1182 2833 schismatum
1254 2809 1255 2812 =

238 2857 428 2922 Doctoribus.
452 2851 539 2925 Quod
566 2852 687 2912 tandem
719 2853 929 2914 reconciliandi
958 2855 1104 2916 haeretici
1132 2869 1184 2914 non

240 2941 327 2999 modo
348 2953 467 3000 errores
486 2934 641 3009 damnare,
658 2933 708 2994 ssd
724 2939 755 2995 et
768 2936 879 3013 scripto
901 2936 981 2996 edito
1003 2933 1124 3013 ejurare
1138 2936 1184 2995 de·

240 3024 356 3090 herent,
379 3035 508 3099 eamque
530 3015 727 3076 conditionem
748 3015 879 3078 Nicaena
900 3016 914 3076 1
934 3016 1073 3098 Synodus
1094 3015 1183 3079 Cano·
1253 3063 1254 3074 ,

238 3122 276 3166 ne
295 3103 365 3166 Vlil
386 3121 404 3163 a
426 3099 617 3168 Novatianis3
640 3097 822 3178 Gangrensis
844 3099 873 3158 in
895 3101 1046 3174 proemio,
1067 3101 1105 3160 ab
1126 3097 1181 3160 Eu·

238 3186 421 3253 stachianis3
444 3179 611 3242 Laodicena
632 3178 752 3240 Conona
775 3178 833 3241 Vll
855 3197 873 3239 a
894 3177 1088 3252 Novatianis3
1106 3179 1182 3244 'Con-

239 3266 498 3344 stantinopolitana
523 3261 775 3323 ahlacedonianis
796 3262 965 3341 exigebant.
980 3259 1120 3324 Ceterum
1136 3261 1178 3320 a'd
1252 3291 1253 3326 r

240 3350 402 3410 notandum
424 3353 495 3415 est,
519 3345 656 3406 debuisse
676 3344 870 3411 haereticos,
895 3345 947 3421 qui
972 3345 1010 3405 ad
1030 3343 1179 3421 Ecclesiae

241 3432 482 3491 communionem
508 3427 607 3488 redire
621 3427 792 3505 cupiebam,
810 3442 868 3486 non
893 3425 981 3494 modo
995 3443 1114 3488 errores
1137 3424 1180 3484 da·

240 3527 366 3578 muare,
390 3516 421 3571 et
444 3518 545 3572 rectae
565 3505 651 3567 Fidei
677 3509 829 3570 doctrinae
853 3509 1055 3578 subscribere,
1081 3521 1179 3568 verum

241 3593 331 3654 eiiam
345 3590 550 3669 juramentum
565 3595 718 3670 praestare
734 3589 857 3670 majoris
875 3589 1106 3653 confirmationis
1120 3604 1180 3667 grn-
