2567 4042
621 170 826 243 eaesae

165 343 167 348 -
249 303 332 363 tione
355 317 434 377 opus
456 307 546 362 esset.
569 298 638 362 Il'no
660 304 732 363 olim
754 320 789 362 ac
811 304 900 363 etiam
924 306 997 371 tres,
1020 304 1197 379 praesertim
1267 312 1268 329 ²

242 386 277 443 in
298 382 406 453 Missa,
430 383 466 443 ad
488 389 712 445 sacrosanctum
734 383 942 447 Eucharistiae
969 384 1196 445 Sacramentum
1267 393 1268 431 ἐ

236 463 477 535 conficiendum,
492 468 612 526 omnino
629 469 793 527 necessarii
815 467 883 527 libri
905 470 1001 536 erant,
1017 464 1193 543 nempe'Li-
1267 508 1268 513 ι

203 550 298 607 ..ber
321 546 610 617 Soorommtornm,
633 546 865 621 lectionarius,
896 557 923 607 et
943 546 1193 629 Antiphonerins
1267 562 1268 589 l

239 628 370 705 Proprie
391 627 682 691 veroleeticnarins
703 635 750 693 cst
772 632 848 693 liber
868 631 1023 691 continens
1044 628 1131 709 Epist
1119 630 1194 690 telas
1267 670 1268 677 ι

245 718 277 772 et
297 711 455 773 Lectiones
475 712 511 771 ad
526 710 648 772 Missam
671 712 822 791 legendas.
840 712 1015 789 Appellatus
1037 718 1082 772 est
1104 712 1196 775 etiam
1267 746 1268 759 2

244 790 424 889 Apostolus,
453 794 533 869 quod
561 795 744 872 plerumque
770 795 848 856 eB.
869 792 955 855 Pauli
977 791 1132 870 Epistolis
1139 794 1197 854 Le·

244 877 304 935 ctio
336 876 367 934 in
388 874 481 935 Missa
512 876 638 937 dicenda
671 877 809 955 decerpta
836 883 926 938 esser.
955 874 1071 947 Placuit
1103 878 1195 937 eliam
1262 902 1268 925 ι

245 956 375 1017 barbaro
390 957 536 1019 vocabulo
558 956 669 1020 librum
684 956 898 1037 Epistolarum,
904 943 1132 1039 Epistolarinm
1146 976 1195 1017 ιο
1261 980 1268 1031 l

245 1055 327 1099 care.
352 1037 396 1099 lta
428 1041 508 1099 enim
531 1042 641 1136 passim
675 1041 843 1117 appellatur
874 1039 1013 1101 aLeone
1035 1039 1192 1107 Ostiensi,

151 1127 154 1131 “
244 1137 335 1197 quem
357 1120 449 1181 reiert
469 1119 628 1198 Cangins
619 1140 649 1181 m
676 1119 840 1183 Glossario.
865 1122 986 1182 Dandae
1006 1126 1051 1183 est
1072 1138 1195 1198 quoqne
1261 1122 1262 1147 ³

238 1219 318 1262 suns
333 1204 416 1263 locus
437 1204 514 1264 inter
536 1204 626 1265 libros
648 1202 681 1263 L
673 1205 761 1263 rturr’
735 1222 816 1281 „reos
830 1200 1057 1284 Antiphonnrio
1067 1202 1195 1264 Sanctae
1260 1200 1268 1282 [

235 1281 398 1346 Romanae
419 1282 583 1356 Ecclesiae,
593 1304 664 1362 qno
686 1286 773 1356 libro,
797 1286 840 1347 uti
863 1293 967 1346 notum
990 1292 1045 1355 est
1068 1286 1195 1345 veniunt
1266 1328 1268 1335 2

243 1364 433 1443 Antiphonae
447 1368 492 1428 ad
513 1366 680 1437 introitum,
697 1373 731 1427 ul
753 1368 919 1445 plurimum
940 1386 977 1428 ex
980 1366 1118 1427 Psalmis
1132 1367 1193 1427 Da·
1261 1383 1268 1419 ι

242 1450 349 1510 vidicis
371 1458 540 1527 excerptae,
557 1450 700 1509 versiculi
721 1450 781 1509 duo
803 1468 841 1509 ex
864 1450 969 1510 iisdem
984 1448 1123 1519 Psalmis;
1142 1448 1195 1510 de·
1266 1465 1268 1501 ι

238 1548 328 1591 mum
349 1530 483 1592 inferiori
505 1536 604 1593 aetate
625 1548 782 1593 accessere
804 1530 938 1601 Prosae,
956 1525 993 1593 ct
1014 1531 1194 1611 sequentiae

152 1612 155 1615 ⁴
235 1615 332 1673 certis
353 1614 689 1675 diebnsdecantandae.
713 1613 803 1674 Liber
826 1610 999 1690 hujusmodi
1014 1612 1192 1689 antiphonas

230 1695 396 1755 continens
417 1702 543 1756 vocatur
556 1694 797 1777 Antiphonurins
819 1713 836 1755 a
856 1694 992 1755 iohanne
1007 1694 1171 1755 Diacono
1163 1712 1192 1754 ιιι
1262 1690 1268 1743 31

240 1776 301 1835 vita
324 1775 354 1837 S.
378 1776 525 1854 Gregorii
546 1784 578 1838 et
598 1795 616 1837 a
637 1778 781 1837 caeteris
790 1776 989 1854 scriptoribus
1010 1776 1189 1855 Litargicis
1267 1804 1268 1829 ι

155 1884 157 1889 ·
234 1870 351 1935 nempe
372 1860 410 1918 ab
430 1860 585 1930 Alonion,
609 1858 788 1925 Αιιιιιιιίο,
812 1857 997 1936 agobardo,
1016 1856 1193 1934 Walairido
1266 1854 1268 1913 Ξ

230 1936 422 2011 Strabone,
443 1940 609 2018 blicrologo
643 1948 680 2001 et
707 1940 844 2001 Bernone
871 1940 1012 2008 abbate,
1041 1941 1092 2015 qui
1112 1940 1194 2001 iere
1265 1942 1268 1994 l

240 2036 361 2091 amnes,
384 2040 456 2098 per
452 2022 601 2085 eumdem
624 2021 655 2083 S
672 2021 907 2102 GregorinmS.
932 2021 969 2082 R.
993 2022 1030 2083 Ε.
1047 2020 1192 2102 intiplao·

155 2094 171 2118 ⁵
235 2105 366 2163 noriam
387 2105 564 2183 dispositum
586 2106 736 2167 inisser
699 2110 890 2181 agnoscunt,
918 2110 952 2165 ut
977 2110 1116 2165 accurate
1138 2104 1194 2163 do·
1267 2137 1268 2160 ι

156 2259 170 2269 Ἰ
231 2186 303 2247 cuit
329 2184 458 2247 lacobus
478 2186 630 2248 Pamelius
660 2188 690 2245 in
711 2185 933 2265 Prolegomenis
965 2187 994 2245 in
1022 2185 1191 2257 secundum

155 2334 157 2337 ,
240 2272 355 2327 tomum
385 2266 618 2345 Litnrpieornm.
648 2268 719 2329 Tria
741 2285 821 2328 vero·
846 2271 876 2329 in
898 2266 1033 2329 Ecclesia
1054 2268 1192 2328 Romana

230 2348 361 2408 nomina
383 2350 434 2409 bio
456 2350 531 2409 liber
552 2351 690 2415 obtinuit
716 2351 831 2412 scilicet
852 2349 1081 2426 antiphonarii,
1108 2348 1191 2411 Con.

234 2431 348 2491 totorii
368 2436 400 2490 et
416 2429 593 2503 Gradnolis,
618 2436 652 2492 nt
673 2432 817 2493 discimus
839 2450 880 2493 en
898 2431 1041 2493 Amalarii
1063 2431 1190 2507 prologo

238 2511 277 2572 de
297 2511 402 2572 ordine
423 2508 647 2593 Antiphonnrii.
664 2512 749 2575 Haec
772 2520 875 2576 antem
896 2513 955 2573 tria
969 2515 1091 2573 nomina
1106 2529 1192 2571 com·

189 2649 191 2653 ,
230 2595 373 2671 parent
364 2611 393 2652 ιιι
416 2595 628 2656 vetustioribus
642 2584 790 2657 Romanis
805 2594 981 2656 Ordinibus
1006 2594 1129 2671 Duplex
1139 2612 1191 2655 au·

177 2714 180 2720 ·
232 2680 308 2735 tem
322 2673 537 2752 antiptonarir‘
558 2695 651 2753 genus
672 2682 750 2748 erat,
774 2677 854 2739 aliud
878 2677 914 2736 ad
937 2676 1082 2745 Missam,
1097 2674 1189 2737 aliud

231 2756 275 2816 ad
297 2774 447 2827 cursum,
471 2774 524 2819 seu
548 2758 817 2821 horascanonicas
839 2758 1001 2836 pertinens.
1026 2757 1114 2831 Quod
1135 2776 1190 2819 an·

182 2860 185 2864 ·
237 2843 299 2899 tem
323 2843 440 2918 spectat
460 2840 498 2899 ed
520 2837 814 2919 antiphonariorum
836 2844 995 2911 ornatum,
1020 2856 1190 2917 eorumque

229 2938 292 2999 pro
313 2922 478 2984 ministerio
495 2922 597 2983 altaris
610 2922 857 2985 christifidelium
880 2924 992 3000 pietate
1008 2920 1187 2993 oblationes,

123 3013 140 3066 ’ἶ
236 3020 314 3079 quae
341 3007 509 3083 sequnntur
536 3010 655 3065 vetusta
684 3004 853 3067 testimonia
880 3004 953 3065 satis
981 3003 1183 3065 decimanona

228 3087 331 3161 ¹Wldo
345 3084 694 3147 AbbasFontanellensis
714 3090 791 3148 inter
812 3102 896 3147 sacra
912 3089 1088 3145 ornamenta
1107 3098 1194 3161 qnae·

228 3165 390 3229 Ecclesiae
411 3166 547 3245 ejusdem
569 3162 705 3229 coenobii
728 3169 871 3237 contulit,
895 3168 978 3228 dedit
999 3166 1187 3245 Antiphone-

234 3250 312 3313 rinm
334 3250 508 3313 Turonense
533 3268 640 3312 unum.
669 3248 752 3313 inter
779 3250 887 3310 libros
905 3266 980 3327 qnos
1006 3246 1185 3311 Harduinus

232 3328 395 3413 Presbyter
409 3350 463 3394 sna
484 3350 577 3395 manu
599 3333 817 3411 conscripserat
838 3337 868 3392 et
881 3328 1101 3391 Fontanellensi
1116 3348 1186 3393 coe·

233 3416 322 3475 noblo
343 3416 475 3477 moriens
497 3414 628 3491 reliquit,
652 3419 825 3475 recensetur
846 3410 1100 3490 Antiphonarium
1121 3410 1184 3473 Ro·

232 3514 340 3559 manae
360 3494 513 3559 Ecclesiae
534 3497 677 3557 volumen
699 3513 805 3558 unum.

171 3614 186 3634 .-
273 3576 345 3641 Post
365 3577 530 3641 Pamelium
553 3579 603 3656 qni
626 3578 656 3637 in
677 3580 740 3640 suis
760 3544 1181 3657 LitnrgiaisAntipbonnrinm
