2567 4042
623 172 849 246 *38⁸3*

254 299 392 364 ·slolaS.
413 277 523 367 Petri,
547 287 626 378 quae
648 303 810 380 subrogata
841 302 899 364 iuil
925 303 992 363 loeo
1019 300 1201 381 Collationis:

267 383 335 444 inde
357 385 495 462 sequitur
507 380 704 464 Adjutoriem
726 393 873 455 nostrum,
886 389 918 446 et
937 383 1044 445 deinde
1059 374 1202 455 confessio,

265 483 343 544 quae
365 464 400 526 lit
415 483 468 543 per
487 465 645 546 Confiteor
663 466 751 544 Apud
773 483 877 526 omnes
898 467 978 528 idem
1001 471 1101 528 lamen
1122 468 1204 527 omni·

265 565 303 608 no
330 565 386 608 non
414 550 578 615 cretosus,
596 549 647 608 sed
663 547 816 610 Confessio
838 549 875 607 ab
889 549 1036 626 aliquibus
1053 547 1204 626 postCom·

266 630 427 708 pletorium
449 627 558 697 fiebat,
582 631 662 691 unde
682 629 797 691 sactum
818 636 881 694 esl.
904 635 940 690 ul
960 630 1080 691 Parisiis
1101 636 1132 692 et
1145 631 1202 690 alibi

266 709 419 794 Confiteor
446 711 482 771 ad
513 710 603 771 finem
633 712 826 790 Complclorii
852 713 890 773 sil
911 720 1110 774 reservatum.
1127 711 1204 772 Dein·

263 794 299 856 de
326 793 473 853 confessio
498 792 532 853 til
558 793 594 852 ad
616 794 741 854 delenda
767 799 900 872 peecata,
917 799 948 854 el
971 794 1099 870 reliquia
1125 808 1203 870 quae

263 876 332 936 dam
356 879 401 934 est
422 875 614 935 consessionis
635 878 793 953 antiquae.
817 877 894 936 trude
917 875 953 934 ab
969 877 1108 936 omnibus
1130 877 1202 936 iudu-

264 957 313 1018 hie
335 955 401 1018 fieri
423 957 536 1025 debet,
561 955 617 1018 hoc
644 958 739 1019 solum
763 960 840 1019 inter
864 964 1026 1026 veterem,
1054 965 1086 1019 et
1107 964 1203 1017 novum

265 1057 379 1099 morem
403 999 607 1100 intercedente
629 1039 822 1107 discrimine,
846 1040 925 1116 quod
948 1039 999 1100 ulri
1022 1040 1103 1100 illam
1125 1037 1204 1100 iacie-

264 1119 315 1182 bat
342 1121 438 1184 socius
465 1122 569 1185 socio,
594 1121 672 1182 hanc
695 1121 945 1183 hebdomadarius
977 1121 1048 1183 iacit
1075 1122 1204 1181 universo

264 1203 384 1271 choro,
409 1209 439 1262 et
459 1203 570 1262 chorus
591 1186 836 1264 hebdomadario

304 1281 342 1345 ll.
360 1282 456 1344 Juxta
478 1283 648 1345 Romanum
670 1287 764 1346 ritum
786 1289 915 1361 quatuor
936 1282 1045 1344 Psalmi
1067 1284 1105 1344 ad
1125 1281 1204 1343 Com·

264 1366 426 1446 pletorium
446 1367 630 1437 recitantur,
656 1373 717 1428 tres
738 1366 816 1444 apud
839 1363 1012 1427 Monachos
1035 1363 1114 1425 Nam
1134 1363 1205 1427 Psal-

263 1451 320 1508 mis
342 1456 479 1524 quatuor,
503 1450 545 1508 all
566 1447 748 1518 Amalarius‚
765 1454 894 1526 quatuor
909 1449 1058 1510 elementa
1081 1443 1206 1524 corporis

264 1531 357 1591 nostri
372 1529 499 1589 Domino
515 1529 771 1593 commendamus.
788 1525 827 1589 Et
841 1530 984 1606 quidem'
976 1547 1007 1589 m
1024 1531 1119 1606 primo
1132 1529 1206 1589 Psal-

264 1631 314 1674 mo
336 1629 405 1672 cum
421 1611 540 1672 Christo
564 1613 697 1687 quietem
711 1613 858 1689 poscimus
880 1611 914 1669 in
931 1630 1006 1692 paee
1028 1611 1206 1689 inidipsum

264 1693 415 1754 dormiam
431 1704 457 1754 et
481 1696 675 1774 requiescum.
698 1693 733 1753 In
755 1692 885 1754 secundo
908 1695 944 1752 ad
966 1711 1002 1753 ea
1023 1695 1118 1754 verba
1137 1710 1207 1769 quac

263 1775 388 1853 protulit
409 1773 577 1835 Christus
569 1793 597 1832 rn
620 1784 755 1838 extremo
777 1773 924 1834 vitae21n
945 1793 1052 1834 manue
1066 1786 1132 1836 tues
1152 1780 1205 1836 ele.

263 1863 403 1933 oplamns
418 1858 493 1918 mori
517 1875 586 1917 cum
604 1877 652 1920 eo.
669 1857 703 1917 lu
729 1857 817 1918 terlio
842 1865 872 1917 et
893 1864 1000 1933 quarto
1026 1861 1130 1917 contra
1150 1861 1207 1916 lcu-

263 1939 388 1999 tationes
417 1944 575 2000 nocturnas
599 1957 765 2000 armamur.
790 1937 923 1998 Psalmos
949 1939 1086 2014 sequitur
1115 1939 1207 1999 statim

263 2017 414 2098 Hymnus,
437 2039 490 2098 pro
514 2024 657 2099 temporis
678 2021 850 2080 diversitate
871 2020 1028 2082 variabant
1048 2020 1206 2089 Monachi,

263 2106 297 2163 ut
319 2101 412 2164 reiert
433 2102 578 2164 Marione.
601 2101 672 2163 Post
691 2101 807 2164 Versus
829 2103 939 2164 dicitur
970 2120 1091 2179 quoque
1113 2100 1204 2162 Cauli-

158 2183 161 2194 '
263 2201 333 2244 cum
349 2181 563 2262 Evangelicum
579 2183 669 2244 Nune
685 2183 810 2244 dimittis
824 2183 970 2260 mequod
988 2201 1083 2260 neque
1099 2185 1130 2242 in
1143 2185 1205 2244 Bre
1254 2194 1255 2221 ³

263 2267 357 2328 viario
370 2265 533 2327 Monastico
552 2267 582 2327 S.
596 2267 760 2335 Benedicti,
785 2283 882 2343 neque
897 2264 1207 2337 Cluniaeensium,ne·

262 2365 321 2424 que
343 2345 611 2409 Carlhusianorum
633 2349 807 2425 reperitur,
836 2349 887 2408 sed
915 2354 960 2408 est
980 2347 1139 2424 peculiaris
1159 2345 1209 2406 llo·

260 2445 370 2490 rnanae
385 2427 536 2491 Ecclesiae
552 2431 637 2492 ritus
656 2430 699 2491 De
715 2447 750 2489 ea
766 2447 798 2491 re
813 2431 874 2508 agit
889 2426 1058 2488 Amalarius
1073 2427 1141 2489 Lib
1157 2425 1207 2489 vll

264 2507 338 2586 Cap
355 2509 405 2570 leil
430 2512 496 2572 Hoc
518 2512 684 2574 Canticum
694 2513 844 2572 invenitur
864 2512 955 2572 etiam
978 2512 1007 2568 in
1022 2509 1206 2572 Constitulie

263 2592 350 2652 nibus
372 2593 549 2672 Apostolicis
570 2593 607 2653 ad
630 2610 733 2671 preces
753 2592 956 2670 vespertinas
980 2591 1091 2652 Preces
1113 2594 1208 2653 subse·

261 2679 390 2750 quentes
414 2673 446 2735 K
442 2678 516 2755 yria,
541 2673 722 2736 Benedictus
745 2694 773 2735 es
793 2675 930 2742 Domine
953 2671 1091 2752 Dinaeae
1115 2681 1174 2736 ele.
1192 2689 1206 2731 a
1253 2726 1254 2759 1

263 2753 419 2816 Monaehis
442 2757 593 2836 proiectae
615 2764 696 2828 sunt,
722 2757 842 2834 atque
835 2776 864 2816 ru
885 2756 1041 2817 Breviario
1062 2753 1254 2816 Cassinale

262 2839 466 2916 perleguntur.
490 2840 592 2913 Quare
614 2838 758 2916 quidquid
779 2838 912 2899 Psalmos
933 2835 1102 2915 praeeedit,
1127 2845 1206 2912 atque

263 2921 354 2981 etiam
376 2919 558 2999 Capitulum,
582 2917 692 2981 Preces
714 2925 745 2980 et
759 2919 889 2982 Colleeta
910 2937 927 2980 a
951 2919 1107 2980 Monaclris
1127 2918 1205 2980 Com·

262 3001 389 3078 pletorio
412 3003 521 3075 addita,
539 3003 575 3062 ab
599 3002 711 3063 eisdem
735 3009 858 3078 accepta
879 3001 1012 3061 fuerunt
1036 2999 1141 3061 Oratio
1163 2998 1205 3061 l'i·

262 3083 350 3143 sela
343 3103 371 3144 ru
394 3085 474 3144 nullo
498 3048 633 3144 Idomene
654 3082 779 3154 Ordine,
796 3085 844 3143 vel
866 3084 1028 3144 Monostico
1050 3082 1201 3147 invenitur,

264 3165 317 3226 sed
346 3165 473 3228 solum'
465 3185 494 3224 in
523 3165 794 3228 Carlhusianorum
817 3165 981 3226 Breviario.
1006 3165 1203 3226 dicebaturta·
1252 3198 1253 3205 κ

262 3265 333 3308 men
355 3249 434 3326 apud
457 3247 621 3308 Monachos
638 3248 755 3324 quaudo
770 3252 838 3326 post
851 3246 1111 3322 Complelcrium
1103 3266 1130 3305 rn
1144 3245 1202 3302 dor·

265 3330 386 3390 mitorio
410 3347 505 3406 aquae
527 3329 701 3391 benedictae
723 3330 855 3407 aspersio
879 3327 994 3396 fiebat,
1017 3333 1048 3389 et
1072 3345 1124 3406 per
1144 3340 1201 3387 eam
1252 3364 1253 3391 ,

263 3410 321 3470 Dei
344 3413 488 3488 protectio
517 3411 675 3489 petebatur
697 3411 840 3472 adversus
868 3410 988 3471 insidias
1010 3408 1147 3477 Diaboli,
1176 3409 1201 3464 el
1252 3398 1253 3461 l

264 3489 372 3568 bugeli
395 3494 632 3562 invocabantur,
654 3500 688 3555 ut
709 3492 892 3554 custodirent
914 3510 965 3555 eos
987 3494 1036 3571 qui
1057 3485 1199 3553 dormituri

264 3581 359 3635 crant
386 3572 499 3636 Deinde
514 3575 640 3638 dabatur
664 3574 818 3636 Monacbis
832 3575 999 3638 benedictio
1021 3593 1076 3655 per
1096 3591 1130 3636 ea
1143 3587 1199 3630 ver·
