2567 4042
579 190 846 261 wffllfflv

214 316 350 377 Altaris:
373 315 479 377 Allore
502 318 659 397 operietur
681 319 774 379 tribus
796 292 936 397 Mappis,
960 318 995 377 ab
1011 313 1173 397 Episcopo,

215 399 261 459 eol
281 399 344 459 olio
365 399 487 459 trudente
504 408 701 478 potestatem,
725 400 894 461 benedictis.

255 479 307 539 lv.
331 478 418 554 Quod
440 481 529 543 hodie
554 482 713 561 Corporale
733 484 854 549 dicitur,
875 479 1053 561 pulteolim
1075 480 1168 550 lineo,

214 578 270 621 seu
291 562 479 637 [requentins
496 565 580 643 pollo
595 566 762 643 corporalis
776 563 931 625 dicebatur
947 604 955 629 ,
971 562 1039 639 quia
1056 562 1170 623 scilicet

215 642 243 701 in
265 644 329 720 ipso
350 641 465 721 Corpus
486 644 598 707 Christi
619 654 824 709 consecratur.
842 642 1036 721 Corporalia,
1060 643 1169 720 quibus
1189 672 1203 695 ι

213 731 333 786 veteres
363 727 393 785 in
425 725 579 789 Sacrificio
610 730 781 807 peragendo
814 726 998 803 utebantur,
1023 725 1172 803 ampliora

214 805 358 879 luisseet
380 809 511 884 longiora
533 810 594 876 iis,
617 827 696 886 quae
712 811 801 871 modo
825 828 843 869 a
869 809 953 869 nobis
975 808 1166 873 adhibentur,

215 888 369 950 manifeste
385 891 532 967 colligitur
548 909 586 951 ex
600 894 722 970 antiquo
735 896 869 953 Romano
881 888 1006 957 Ordine,
1019 888 1119 949 Titulo
1135 888 1164 947 1.
1178 922 1182 931 ·

213 966 440 1032 Consueverunt
460 972 522 1049 jam
544 972 615 1042 olim
631 973 817 1053 Corporalia,
835 968 997 1049 antequam
1013 973 1042 1031 in
1059 970 1168 1031 Missae

214 1050 365 1112 Sacrificio
386 1054 614 1122 adhiberentur,
641 1057 679 1115 ab
704 1055 853 1135 Episcopo
881 1054 1063 1117 consecrari.
1079 1052 1169 1128 Quod

215 1135 324 1195 mirum
337 1135 431 1198 videri
447 1156 503 1198 non
519 1137 619 1206 debet,
633 1140 658 1197 si
675 1140 698 1199 is
714 1140 790 1199 ritus
806 1138 915 1214 passim
931 1135 1104 1211 inantiquis
1119 1133 1168 1195 Sa·

214 1223 437 1278 erameniorum
459 1220 556 1280 Libris
578 1222 770 1292 inveniatur,
787 1216 1166 1295 cumconslel,ja1nolim

212 1299 325 1357 sacrari
346 1299 486 1362 debuisse
515 1302 573 1362 alia
604 1302 755 1363 inferioris
783 1301 933 1381 dignitatis
965 1303 1163 1369 ornamenta,

213 1397 321 1458 nempe
344 1380 515 1443 linteamina
530 1383 664 1454 ditaris,
681 1383 887 1452 Candelabra,
904 1388 936 1444 el
950 1383 1009 1443 alia
1024 1398 1100 1457 quoe
1116 1380 1166 1443 hic

213 1479 334 1524 necesse
356 1482 414 1524 non
436 1473 483 1526 est
506 1483 683 1537 recensere,
706 1482 845 1545 quaeque
867 1482 927 1525 non
949 1466 987 1525 ita
1015 1462 1164 1525 divinissi-

213 1562 281 1605 mae
302 1542 671 1626 llucharisliaoproxima
702 1554 792 1619 sunt,
817 1555 849 1609 ut
869 1545 1042 1624 Corporale.
1070 1543 1165 1622 Cujus

213 1627 341 1689 nominis
362 1647 420 1689 non
441 1629 530 1690 modo
551 1647 641 1706 saepe
674 1647 708 1690 ac
730 1631 849 1707 saepius
879 1633 965 1689 velus
994 1627 1079 1688 Ordo
1108 1624 1164 1685 nc

212 1726 319 1769 munus
339 1717 371 1771 et
401 1712 492 1789 prisci
523 1710 606 1771 Libri
627 1709 818 1772 Ponoficales
840 1710 1028 1778 meminere,
1052 1726 1162 1771 rerum

213 1791 304 1851 eliam
325 1793 426 1854 varias
447 1793 591 1854 exhibent
610 1794 648 1854 ad
671 1794 678 1851 l
703 1811 770 1853 sum
799 1792 1036 1854 benedicendum
1058 1790 1167 1857 oralio-

212 1890 284 1933 uum
307 1872 462 1934 lormulas.
486 1873 589 1949 Qualis
610 1877 651 1935 sil
670 1813 737 1936 ἕως
757 1872 928 1945 Ecclesiae,
946 1892 1017 1935 curn
1032 1874 1097 1949 ipsa
1112 1870 1163 1932 be·

214 1953 322 2015 nedicil
342 1954 539 2033 Corporalia,
562 1958 717 2018 addiscere
733 1958 803 2019 lieet
818 1975 855 2017 ex
871 1957 943 2033 ipsis
964 1954 1159 2023 orationibus,

211 2053 289 2113 quae
311 2036 452 2116 leguntur
466 2040 496 2099 in
512 2043 613 2100 nostro
634 2038 810 2100 Ponlilicali.
834 2038 943 2103 Notalu
960 2038 1038 2099 illud
1055 2036 1104 2097 hic
1118 2035 1165 2095 di,

211 2134 302 2195 gnum
328 2138 461 2187 censeo,
494 2139 612 2183 summa
645 2126 764 2201 semper
798 2120 991 2181 veneratione
1028 2118 1164 2179 habitum

212 2200 304 2341 {uisse
318 2202 418 2279 ipsum
432 2200 615 2281 Corporale,
639 2209 671 2263 el
692 2202 816 2280 quidem
831 2204 897 2265 loco
912 2201 1090 2263 Sanclmum
1104 2197 1182 2259 lle-¹

223 2300 386 2358 rqurarum.

255 2361 293 2422 v.
320 2365 365 2424 Ex
387 2366 481 2425 sacris
503 2366 628 2425 Romani
654 2364 784 2426 Missalis
808 2363 947 2427 Rubriois
969 2364 1044 2425 illud
1067 2362 1164 2442 prole-

212 2450 263 2505 cto
287 2452 410 2507 cautum
430 2454 500 2516 est,
524 2453 559 2508 ul
579 2446 743 2525 Corporale
776 2450 899 2525 ipsum,
928 2451 1024 2509 lotum
1056 2447 1164 2509 debeat

211 2544 249 2588 ex
271 2528 331 2587 lino
362 2546 428 2588 esse
460 2529 628 2593 intextum,
652 2535 809 2607 totumquo
837 2528 962 2596 album,
985 2537 1013 2599 et
1034 2530 1070 2589 ab
1091 2526 1164 2607 Epi-

211 2626 318 2687 sccpo,
350 2610 397 2671 cel
427 2611 489 2671 olio
508 2612 632 2671 heberte
651 2612 825 2688 facultatem
857 2612 947 2671 simul
970 2628 1037 2671 cum
1054 2611 1160 2692 pallo,

212 2689 407 2775 benedictum.
430 2690 516 2765 Quae
548 2692 641 2753 verba
672 2694 842 2772 expendens
867 2690 1041 2759 Garantus,
1066 2708 1164 2767 neque
1231 2744 1234 2751 .

213 2771 347 2833 benedici
368 2773 478 2849 pallam
502 2776 664 2853 separatim
687 2775 792 2846 docel,
815 2776 885 2851 quia
906 2778 953 2835 est
967 2790 1062 2835 unum
1091 2772 1163 2850 quid

213 2860 245 2916 el
266 2852 359 2915 veluti
381 2873 452 2932 pers
472 2854 665 2933 Corporalis,
689 2874 787 2934 reoque
809 2857 839 2917 iu
861 2853 1027 2917 Pontiliesli
1042 2854 1107 2917 dari
1121 2854 1166 2915 di·

212 2938 349 2998 stinctum
372 2936 621 2998 benedictionem.
645 2938 829 3017 Antiquitus
843 2940 919 2999 haec
952 2938 1062 3015 passim
1084 2936 1163 3013 apud

211 3036 317 3081 omnes
338 3017 493 3095 discipline
514 3019 704 3088 servabatur,
729 3027 762 3081 ul
783 3019 962 3081 noneoluro
984 3036 1087 3080 sacrae
1101 3015 1163 3079 llo-

211 3102 307 3172 suae,
329 3099 382 3161 sed
403 3108 434 3161 el
455 3101 572 3163 Calices
592 3118 713 3178 quoque
733 3102 841 3164 eodem
862 3098 1018 3178 Corporeli
1032 3099 1165 3177 cooperi·

210 3190 337 3245 rentur:
362 3182 452 3243 hodie
482 3183 673 3244 Carlhusiani
706 3184 828 3261 uiridem
850 3182 995 3246 lllonechi
1026 3190 1160 3245 velerum

213 3282 302 3325 nsum
324 3265 528 3336 tenacissimi,
553 3265 626 3325 dum
648 3268 741 3326 saeris
762 3267 833 3328 danl
854 3282 989 3344 operam,
1014 3283 1071 3327 non
1098 3264 1159 3341 pal·

212 3347 263 3415 la,
286 3346 339 3406 sed
360 3344 511 3424 Corporali
539 3346 607 3407 lesu
634 3346 747 3408 Christi
775 3346 890 3425 Corpurs
917 3364 1013 3423 oeque
1035 3344 1164 3407 acSan·

210 3427 332 3505 guinem
354 3428 550 3505 cooperient..
564 3427 631 3489 Non
653 3434 874 3506 potestantem
898 3428 936 3489 de
961 3429 1064 3505 regula
1085 3426 1165 3489 ordi-

213 3512 299 3570 naria
311 3508 481 3587 Corporale
502 3529 518 3569 a
540 3512 748 3574 saecularibus
771 3512 850 3590 tangi
865 3552 872 3573 ,
889 3528 996 3588 ⁴neque
1018 3509 1181 3573 alllonia·'

211 3591 306 3659 libus,
330 3591 381 3652 sed
405 3592 462 3651 hoc
483 3594 599 3669 spectat
620 3592 824 3657 Subdioeenis.
841 3590 1001 3669 Corporale
1023 3591 1165 3669 exprimit
