2567 4042
589 158 813 232 utitem·

231 290 482 370 supcrprcdiatur
502 293 666 351 uniecesos.
691 288 767 351 Item
788 308 860 349 onas
882 288 1031 349 custodiae
1059 290 1174 353 naima-

232 392 302 433 ram
325 380 521 441 catastam,
545 370 625 451 quod
648 381 688 433 est
708 372 779 452 ipsis
800 370 945 450 anpeiicis
958 370 1090 442 inumeris
1110 370 1174 449 [or-

231 453 423 523 midandum.
446 452 522 515 Item
543 452 715 535 hujusmodi
733 456 883 533 praelatio
902 451 1174 534 cepnimtocsupa-

200 609 203 614 ξ
231 539 342 599 tionem
362 539 537 598 neusciam
562 535 643 595 circa
662 536 858 617 spiritualia,
882 532 932 593 sed
954 533 1043 610 etiam
1065 544 1173 612 tempo-

231 618 374 692 raliaiin
395 634 457 696 qua
478 617 513 677 de
527 616 613 695 faciti
628 616 798 679 declinatur
820 635 839 677 a
859 617 944 676 eone.
966 614 1007 677 Et
1027 614 1093 679 ideo
1106 616 1173 689 bene

231 710 274 769 est
295 700 459 759 necessaria
479 699 580 778 pratia
601 694 785 768 Abbatissae,
809 710 842 759 ut
863 700 925 781 ejus
942 697 1094 779 adjutorio
1109 698 1174 763 ‘me-

229 782 288 841 iius
309 782 442 842 resistere
459 785 550 861 possit
565 779 700 850 diabolo,
726 791 752 843 et
771 799 844 843 onas
863 779 1052 860 praedictam
1068 780 1172 855 melius

226 872 362 943 portare,
386 874 413 924 et
432 864 513 924 inter
535 866 740 942 occupationes
761 862 931 923 mundanas
953 862 1057 923 meiius
1078 880 1106 924 sc
1125 879 1173 937 ca·

230 943 341 1005 stedine
362 962 381 1003 a
403 945 493 1004 maio.
517 942 679 1005 Praetereo
700 945 740 1005 ad
756 963 838 1014 eum,
863 962 938 1023 quae
956 952 1083 1024 praeest,
1104 960 1173 1023 pcr-

229 1026 303 1087 tinet
323 1027 442 1104 sortiter
461 1028 496 1085 in
517 1026 619 1087 maltis
640 1045 747 1107 apere,
767 1024 931 1110 pcsedenter
952 1024 1084 1085 subditas
1105 1022 1172 1084 edo·

227 1126 302 1176 cece,
325 1107 491 1183 sanctitatis
513 1109 651 1189 eaempia
672 1112 705 1171 in
725 1128 754 1169 se
777 1118 951 1169 monstrare:
970 1117 996 1167 et
1017 1106 1082 1167 ideo
1097 1107 1170 1177 *eene

230 1199 272 1250 cst
288 1188 458 1251 Accessum
479 1190 581 1268 pratia
601 1192 786 1260 neccssaria,
806 1210 862 1271 per
883 1208 973 1269 qnam
995 1198 1099 1249 contra
1119 1208 1173 1248 na-

230 1279 331 1330 turam
346 1290 433 1333 senas
453 1273 501 1332 sui
522 1271 671 1333 reddatur
691 1274 779 1353 foetis
808 1281 835 1332 et
853 1270 985 1351 pendens
1007 1282 1033 1331 st
1054 1278 1168 1331 sancta.

230 1350 326 1413 Porro
346 1356 456 1415 virtute
478 1352 689 1415 benedictionis
712 1352 844 1415 creditur
866 1346 944 1433 q'nod
967 1352 1059 1413 datur
1081 1353 1169 1413 abnn-

230 1433 338 1496 dantia
358 1436 489 1515 pretian-
504 1446 530 1497 ct
550 1434 617 1495 ideo
639 1454 707 1496 cnm
722 1434 873 1497 Abbatisso
893 1446 934 1495 tot
954 1434 1086 1513 indipeot
1101 1450 1171 1513 pra

231 1519 303 1584 tiis,
327 1517 395 1575 benc
414 1516 588 1577 ordinatum
611 1528 652 1577 cst
674 1518 709 1577 oi
732 1516 889 1585 Ecclesia,
913 1526 946 1576 ut
967 1514 1168 1578 benedicatur.

270 1597 310 1658 11.
335 1597 470 1659 Recitata
485 1597 674 1676 professionis
693 1599 834 1671 formula,
852 1604 882 1659 et
903 1617 938 1659 ea
953 1595 1100 1676 Episcopo
1115 1602 1171 1657 tca-

230 1679 290 1739 diss
317 1680 354 1739 ab
382 1681 445 1760 ipss
466 1681 649 1748 Abbatissa‚
675 1681 815 1741 dicuntur
836 1680 979 1757 Litsnice.
1008 1676 1048 1740 Ut
1069 1685 1170 1741 autem

230 1760 344 1830 videns,
360 1780 449 1838 quam
472 1762 609 1839 antiquus
631 1762 670 1821 sit
691 1763 772 1824 ritus.
785 1762 900 1823 dicendi
916 1762 1046 1829 Litaniss
1066 1762 1100 1837 in
1114 1763 1170 1833 ,he-

229 1843 397 1904 nedictione
413 1844 601 1915 tenetisne,
619 1844 741 1905 mandet
754 1850 838 1905 vetus
853 1842 934 1905 Ordo
947 1842 1169 1911 Romsnns‚ubi

229 1926 291 2002 agit
311 1924 348 1985 de
369 1925 573 2003 benedictione
595 1924 793 1999 Abbatissac‚
818 1928 1011 1987 monasticam
1034 1926 1169 2002 regulam

230 2006 412 2083 profitentis,
435 2017 555 2087 etpost
577 2010 773 2087 antiphonam
795 2006 834 2068 ad
855 2010 1024 2076 introitum,
1036 2014 1169 2087 proster-

227 2096 281 2147 nat
302 2106 330 2148 se
351 2086 456 2150 Electa
487 2100 555 2150 ante
576 2086 679 2149 Altero
701 2098 780 2155 retro
802 2087 977 2170 Episcopum
1008 2107 1073 2165 cum
1095 2087 1171 2147 dua·

113 2199 115 2203 ·
228 2171 291 2239 eus,
313 2171 357 2231 eci
380 2172 473 2231 tribus
494 2170 529 2230 de
549 2170 701 2231 sororibus
721 2170 937 2251 scinduntque
958 2172 1000 2232 ibi
1016 2166 1164 2231 Litaniae.

228 2249 352 2313 Litaniis
374 2253 516 2324 recitatis,
534 2249 637 2313 Electa
660 2251 757 2312 adhuc
779 2260 927 2330 prostrata
948 2256 1098 2321 manente,
1124 2251 1167 2310 di·
1244 2305 1252 2309 ,

228 2334 269 2395 cit
290 2332 455 2412 Episcopus
475 2351 513 2395 ex
533 2334 627 2409 veteri
650 2331 800 2395 Ecclesiae
814 2336 978 2406 instituio,
1003 2332 1094 2393 Pater
1116 2352 1169 2391 no—

228 2422 306 2482 ster,
329 2432 389 2475 una
409 2432 479 2475 cum
501 2413 882 2490 quibusdsmuersiculis,
908 2423 939 2478 et
959 2416 1166 2483 orationibus»,

228 2497 273 2554 nti
294 2495 397 2556 videre
418 2502 464 2557 est
482 2498 514 2555 in
535 2494 648 2557 Ordine
670 2498 792 2575 antiquo
813 2496 947 2560 Romano
973 2497 1008 2557 de
1035 2494 1169 2557 Ordina-

202 2623 207 2634 ,
228 2577 306 2637 tione
327 2574 506 2642 sosannim.
522 2576 663 2638 Attamen
679 2578 899 2654 admonendum
916 2586 965 2641 est
984 2596 1091 2639 manus
1111 2577 1169 2656 isp-

227 2659 402 2736 positionem
424 2675 515 2738 snper
535 2657 708 2734 Abbatissse
731 2663 825 2740 capite
855 2662 970 2725 nulium
993 2660 1169 2736 eidemim-

225 2740 356 2815 primore
377 2740 608 2812 characterem,
631 2744 679 2803 vel
702 2744 885 2821 spirituatem
908 2748 1084 2821 potestatem
1106 2747 1169 2813 tra·

225 2822 323 2892 dere,
351 2822 404 2883 sed
431 2840 496 2884 esse
529 2827 647 2886 tantum
670 2843 785 2902 meram
814 2843 848 2885 nc
877 2826 987 2898 nudam
1015 2840 1168 2896 caeremo-

225 2904 317 2975 niam,
341 2904 370 2963 in
392 2922 451 2981 qua
471 2905 636 2983 Episcopus
658 2912 725 2967 orat
745 2925 824 2971 cum,
836 2904 968 2981 Ecclesia
987 2952 994 2979 ,
1018 2910 1052 2969 ut
1067 2904 1167 2979 electa

225 2985 381 3053 Abbatisss
402 2984 576 3047 Monialium
598 2988 729 3049 ismitise
749 2990 806 3049 sibi
828 2990 958 3051 creditae
972 2990 1034 3067 pie
1048 2991 1079 3047 ct
1100 3004 1167 3059 san-

178 3113 180 3118 .
224 3074 272 3129 cte
294 3068 439 3146 invigilet.
463 3066 653 3130 Abbatisscm
675 3070 796 3149 adipisci
827 3090 865 3133 ex
887 3090 939 3132 sua
960 3068 1166 3131 benedictione

223 3150 410 3228 dignitatem,
433 3150 544 3228 liquido
567 3156 683 3213 constat
704 3170 760 3229 non
782 3152 869 3213 modo
892 3171 930 3213 ox
951 3156 1067 3215 vetusta
1088 3148 1164 3211 Ors-

222 3233 303 3295 tione
326 3248 402 3310 qnae
423 3232 546 3309 incipit:
571 3232 674 3303 Dens,
698 3235 748 3295 cni
769 3235 870 3295 omnis
879 3244 1031 3315 potestas,
1055 3250 1164 3305 vesum

223 3330 261 3373 cx
282 3313 386 3391 Capite
407 3311 660 3375 indemnitatibus
678 3312 721 3375 De
737 3314 884 3379 Eiectionc
907 3316 940 3395 in
971 3313 1165 3391 VLJOratio·

223 3411 276 3453 nes
292 3392 416 3454 Domine
430 3393 508 3455 Deus
526 3392 728 3474 Omnipotens,
747 3401 799 3477 qui
819 3416 943 3459 sororem
959 3395 1067 3477 Mopsi·
1086 3394 1165 3463 Con·

222 3474 289 3551 ecde
310 3493 497 3556 quaesumus
517 3473 658 3555 Omnium
674 3479 798 3541 Domine
811 3480 889 3559 sons,
907 3479 986 3541 Deus
1006 3479 1056 3540 oni
1069 3479 1165 3537 omnis

218 3566 344 3638 potestas
365 3564 423 3621 etc.
447 3563 550 3621 extent
571 3559 601 3619 in
622 3561 742 3639 antiqno
763 3560 875 3622 Ordine
896 3561 1040 3635 Romano,
1053 3634 1055 3636 ¹
1068 3556 1163 3619 Porro
