2567 4042
598 187 802 260 *bimaita

224 315 300 376 strni
320 312 498 387 Ecclesiae,
520 316 561 377 ita
583 316 675 378 etiam
698 318 867 379 consecrari
900 334 971 379 cum
1000 334 1107 396 magna
1134 316 1175 377 ri-

227 403 311 461 tuum
334 398 533 459 solemnitate.
556 396 699 461 Votivum
722 420 756 461 ac
788 400 990 461 desideratum
1019 404 1173 474 spectacu-

225 480 287 541 lum
300 485 375 549 erat,
388 486 421 541 ut
431 478 580 542 Eusebius
591 482 722 561 loquitur
733 483 799 544 Lib.
809 481 841 543 X
852 480 1016 552 Historiae,
1029 478 1102 559 Cap.
1115 479 1171 555 lll,

225 563 329 624 videre
350 564 607 624 consecrationum
630 563 807 627 testivitates
839 582 891 643 per
915 565 1045 641 singulas
1069 565 1170 625 urbes.

225 645 290 707 Etsi
311 646 392 707 enim
413 644 504 705 unius
526 645 683 707 dumtaxat
697 647 839 727 Episcopi
860 648 1044 707 mentionem
1061 645 1174 706 iaciant
1277 644 1278 725 ᾗ

225 726 308 788 Libri
329 727 463 789 ltilnales
484 732 573 803 atque
595 726 808 801 Pontificales,
831 734 949 790 cerium
975 728 1172 789 nihilominus

225 816 281 879 cst,
305 812 407 888 plures
429 807 499 867 olim
523 810 559 869 ad
574 807 779 874 Ecclesiarum
801 810 1068 881 consecrationem,
1086 828 1174 888 prae-

225 892 330 953 sertim
346 908 419 951 vcro
440 890 634 968 insigniorum
651 895 858 964 Basilicarum,
876 891 1039 971 Episcopus
1061 908 1173 951 convo·
1277 946 1278 951 ,

225 979 318 1044 catos,
342 977 373 1034 et
393 990 429 1033 ea
443 975 597 1035 occasione
613 974 749 1054 synodos
768 977 858 1037 etiam
881 974 1047 1036 celebratas
1065 974 1170 1034 luisse.

225 1053 314 1117 Certe
336 1073 407 1115 curn
421 1052 633 1118 Constantinus
648 1058 787 1136 Magnus,
834 1059 928 1117 rimus
949 1056 1172 1133 Imperatorum
1277 1106 1278 1139 3

225 1135 422 1202 Christianus,
447 1136 769 1214 magnificentissimam
823 1139 1012 1215 ierosolymis
1034 1142 1171 1198 constru·
1277 1162 1278 1165 ¹

224 1220 318 1279 xisset
338 1215 517 1288 Ecclesiam,
541 1239 558 1281 a
579 1221 666 1298 plena
688 1222 907 1300 Episcoporum
925 1220 1044 1301 Synodo
1069 1236 1174 1280 conse-

224 1306 307 1361 crata
322 1299 388 1361 luit.
398 1298 442 1360 lta
454 1301 574 1363 tradunt
588 1302 747 1370 Eusebius,
764 1302 883 1364 Lib.IV
899 1301 933 1362 da
946 1304 1009 1363 nito
1023 1300 1173 1363 Conston·
1271 1292 1278 1363 ,³

223 1384 284 1444 tini
304 1378 376 1460 Cap.
395 1380 446 1452 aa
463 1388 494 1444 et
515 1381 995 1462 sozomenus,1.m.11cap.ae;
1014 1382 1169 1453 SocratcS,

223 1464 290 1525 Lib.
314 1465 328 1524 l
350 1462 512 1535 Historiae,
529 1464 602 1543 Cap.
625 1463 776 1537 xxv1113
802 1473 831 1527 et
853 1466 1123 1532 sozomenustib.
1143 1462 1174 1524 11

224 1545 297 1622 Cap.
320 1544 441 1606 xxvi.
463 1545 570 1622 Neque
592 1566 682 1624 porro
697 1548 927 1611 existimandum
949 1554 994 1611 est
1016 1547 1043 1606 id
1067 1546 1178 1608 Orien-

225 1627 276 1689 tali
298 1628 455 1688 dumtaxat
471 1626 624 1690 Ecclesiae
639 1632 770 1691 extitisse
786 1628 948 1709 singularc.
971 1627 1049 1688 Nam
1073 1630 1100 1687 in
1116 1628 1177 1689 Oc·
1277 1633 1278 1656 ἱ

224 1710 341 1770 ridente
363 1709 441 1770 idem
463 1728 588 1787 prorsus
610 1729 684 1772 usus
706 1715 815 1791 passim
838 1712 973 1774 invaluit.
997 1711 1030 1771 ld
1046 1710 1177 1789 probast

225 1787 390 1853 Concilium
404 1790 623 1851 Arausicanum
638 1791 653 1851 l
667 1812 744 1855 anno
757 1792 815 1854 tta
832 1794 1016 1857 celebratum
1032 1790 1105 1869 Cap.
1123 1791 1173 1861 10,
1277 1866 1278 1869 Ἴ

226 1877 257 1934 et
279 1866 499 1933 Arelatenscil
520 1871 593 1953 Cap.
618 1872 669 1935 37.
694 1874 878 1938 Luculentus
899 1874 1034 1953 ejusdem
1050 1876 1178 1933 consue·

224 1954 336 2015 tudinis
353 1955 434 2016 testis
451 1961 498 2016 est
508 1952 701 2025 Fortunatus,
713 1958 1088 2035 PictavorumEpiscopuS,
1105 1954 1174 2015 Lib.

224 2033 284 2107 Ill,
308 2034 445 2098 Carmine
460 2034 491 2103 o,
515 2037 551 2097 ad
566 2035 698 2099 Felicem
712 2033 891 2119 Episcopum
914 2038 950 2099 dc
967 2037 1186 2105 Consecratios
1277 2104 1278 2111 χ

225 2136 263 2180 ne
275 2114 437 2189 Ecclesiae,
461 2119 502 2179 ita
523 2136 661 2180 canens:v
739 2126 741 2133 ’
1042 2124 1046 2129 ’
1068 2188 1072 2196 g

306 2198 455 2263 Convocat
476 2201 612 2279 egregios
634 2217 720 2263 sacra
747 2202 785 2263 ad
806 2203 952 2264 solemnia
973 2201 1089 2261 Patres.

223 2278 263 2343 Et
285 2281 387 2423 ¹nlsdriira
409 2356 612 2424 tePontiliccs
633 2365 832 2435 circumdant,
856 2368 925 2429 inde
947 2362 1086 2427 ministri.

224 2442 368 2506 Ceterum
392 2464 449 2505 non
463 2447 562 2506 solum
583 2451 617 2506 ut
631 2451 816 2525 spectatores
838 2457 868 2510 et
883 2454 984 2518 testes,
1002 2445 1080 2521 quod
1097 2442 1174 2503 lortc
1277 2520 1278 2523 Ἴ

104 2592 107 2597 ,
224 2526 406 2587 existimabit
426 2528 559 2603 aliquis,
583 2527 635 2587 sed
658 2533 691 2588 ut
713 2527 900 2607 coadjutores
923 2534 954 2591 et
974 2526 1114 2595 ministri,
1139 2524 1176 2584 ad
1277 2526 1278 2569 l

225 2605 399 2683 hujusmodi
428 2607 630 2679 Ecclesiarum
664 2611 901 2673 consecrationes
933 2609 1174 2672 convocabantur

208 2688 391 2767 Episcopi,
415 2691 576 2767 inquibus
602 2709 673 2752 suas
695 2693 819 2769 quisque
849 2701 949 2771 partes
981 2689 1172 2768 adimplebat.

265 2769 320 2832 Ill.
344 2770 520 2833 Convocatis
542 2773 664 2850 insuper
685 2770 850 2851 Episcopis‚
868 2776 962 2854 pridie
984 2780 1052 2834 ante
1068 2770 1174 2831 Ecclc·
1277 2822 1278 2831 ,

224 2853 286 2914 siae
309 2855 574 2925 consecrationem,
602 2856 749 2916 solemnes
771 2859 826 2917 snb
848 2857 1046 2936 papilionibus
1068 2860 1122 2913 ant
1144 2851 1173 2909 in

225 2935 331 2996 vicinis
352 2932 493 2998 Ecclesiis
515 2936 681 3014 agebantur
702 2938 820 3015 vigiliae
852 2954 953 3014 coram
977 2938 1069 2998 sacris
1091 2933 1174 2995 Reli·
1277 2942 1278 3015 l

224 3018 312 3093 qniis,
331 3018 359 3077 in
375 3018 574 3079 consecranda
588 3016 717 3079 Basilica
739 3022 876 3097 sequenti
891 3023 940 3082 die
953 3018 1171 3085 recondendis,

225 3100 261 3159 ad
284 3118 359 3177 quas
391 3098 517 3161 solidam
542 3101 749 3179 integramque
772 3106 889 3163 noctem
913 3101 1114 3162 insumebant.
1139 3096 1174 3157 ld

102 3256 106 3259 ῃ
148 3179 153 3188 “
225 3184 374 3242 testantur
397 3196 454 3242 non
477 3183 576 3243 solnm
596 3183 690 3243 nostri
713 3184 794 3244 Libri
817 3185 949 3245 llituales
979 3189 1038 3245 tam
1060 3180 1174 3257 antiqui

224 3280 318 3338 quarn
341 3270 474 3325 recentes
488 3266 643 3343 permulti,
661 3264 712 3325 sed
735 3268 826 3328 etiam
842 3273 979 3341 auctores
1001 3283 1058 3325 non
1073 3262 1171 3342 panci.

225 3339 434 3419 Reliquiarutu
463 3339 564 3406 autem
587 3347 706 3408 nomine
741 3364 798 3409 non
820 3364 938 3427 semper
971 3344 1175 3427 intelligebant

225 3426 340 3501 integra
362 3420 539 3487 Sanctmum
563 3445 717 3505 corpora,
741 3448 794 3491 seu
816 3431 943 3509 insignes
977 3442 1083 3489 corum
1107 3442 1175 3505 por·

137 3538 142 3545 ·
226 3504 331 3574 tiones,
356 3506 408 3567 sed
430 3523 638 3586 quaecumque
661 3506 783 3573 illorum
804 3511 925 3573 inerant
945 3510 1039 3579 usui,
1051 3514 1104 3570 aut
1125 3524 1175 3567 eo·

225 3606 294 3649 rum
317 3593 456 3659 contactu
477 3593 652 3651 consecrata
674 3591 810 3656 luissent.
827 3592 941 3654 Rornae
964 3597 995 3654 et
1018 3594 1048 3651 in
1071 3582 1176 3650 Ecclc·
1277 3626 1278 3673 t
