2567 4042
463 143 689 217 *³25st

60 272 63 283 '
107 275 201 330 nostm
220 269 333 333 ilituali
355 277 420 334 bam
442 274 492 334 alii
512 271 652 352 Episcopi
673 275 704 334 in
726 274 787 334 suis
809 271 957 351 Synodis,
982 274 1049 348 turn

106 369 173 435 aero
188 354 374 430 potissimum
390 355 427 430 S..
435 354 559 418 Carolus
574 358 603 415 in
618 374 674 416 suo
687 355 863 416 provinciali
877 351 1051 418 VConcilio

105 433 323 496 Mediolanensi.
335 435 414 498 illud
429 456 550 515 quoque
564 440 759 500 constitutum
772 439 881 515 passim
897 441 928 496 et
940 437 966 496 in
983 434 1050 494 eliis

105 513 236 578 comitiis
250 518 371 596 legitur,
387 520 466 596 qnod
489 521 519 580 in
542 524 642 581 nostro
664 518 775 580 Rituali
791 519 929 585 edicitur,
948 523 981 578 ut
995 515 1050 576 Pa·

94 597 204 659 ·rncbus
221 617 343 677 nmnpe,
354 603 406 676 qui
422 600 503 661 dicto
518 607 655 678 tempore
672 619 733 660 nom
747 599 1048 666 communicaverint,

104 689 129 738 et
143 689 209 758 pom
229 692 368 743 octavam
383 680 514 742 Porrima
535 701 582 744 eoa
599 683 806 762 qai'prcprica
828 682 932 744 raiatia
945 681 1050 740 imme·

103 777 200 828 morer,
224 765 343 844 arqrinr
362 763 512 824 admoniti
532 782 594 825 mon
614 763 892 844 obtemperaverint,
915 757 1050 822 Ordina-
1127 805 1129 809 -

102 843 144 900 rio
163 863 216 904 erro
238 845 408 925 denunciet.
434 845 568 924 Tempus
588 843 732 908 Paschale
755 865 816 922 pre,
830 843 1047 906 Courmunione

101 929 240 987 &tulum
261 945 301 988 cx
317 927 518 989 declaratione
532 925 658 1004 Eugenii
680 928 776 1003 Papae
791 927 833 990 lV
848 936 878 988 el
893 924 1047 985 communi

101 1004 159 1066 lere
179 1005 334 1069 Ecclesiae
349 1011 445 1086 praxi,
469 1027 486 1068 a
509 1007 663 1070 Dominica
686 1009 859 1070 Palmarunr
884 1006 997 1084 incipit,
1011 1005 1048 1069 s1·

101 1088 197 1163 niiqm
219 1091 250 1150 in
266 1089 421 1152 Dominica
444 1093 473 1151 in
494 1091 581 1151 albis:
599 1092 724 1153 invaluit
740 1096 840 1152 tamen
854 1089 964 1150 alicubi
980 1107 1046 1149 cou-

99 1171 232 1242 nerano,
250 1176 286 1232 ni
306 1175 337 1232 in
356 1171 508 1234 Lusitania
530 1181 622 1250 atque
646 1175 673 1234 in
696 1169 852 1250 Hispania,
877 1180 910 1232 ut
926 1171 994 1246 quis
1008 1171 1047 1232 ad

99 1257 290 1330 praecepium
309 1254 462 1318 Ecclesiae
478 1255 700 1333 adimplendum
715 1254 938 1317 communicare
954 1255 1047 1328 possit

100 1333 126 1392 in
146 1337 282 1411 quolibet
300 1336 348 1397 die
368 1335 714 1413 Quadragesimae,‚vel‚
735 1333 821 1414 juxta
842 1353 960 1402 morem
975 1333 1046 1397 Dal·

98 1419 213 1487 maline,
238 1423 305 1495 post
324 1416 580 1497 Quadragesimae
604 1419 807 1483 medietatem.
830 1417 930 1492 Quum
947 1433 984 1476 rex
999 1433 1047 1476 sa·

98 1499 153 1558 cris
166 1496 350 1567 Canonim,
367 1517 402 1560 ac
424 1503 537 1562 celebri
558 1501 608 1562 illo
629 1502 808 1579 praesertim
830 1497 1043 1566 Lateranensi,

97 1576 200 1641 debeat
220 1582 349 1658 quisque
365 1580 461 1644 fidelis
477 1601 494 1642 a
509 1583 630 1661 proprio
645 1583 780 1644 Parocho
796 1581 1045 1647 Communionem

98 1654 270 1723 Parabalem
285 1681 417 1734 sumere,
440 1665 549 1726 merito
565 1664 685 1726 Rituale
700 1663 871 1727 Parocbum
886 1667 997 1728 monet,
1011 1667 1047 1722 ut

97 1739 205 1806 alienas
227 1745 392 1806 Parecbiae
403 1745 505 1808 fideles
526 1745 564 1806 ad
580 1749 736 1824 proprium
752 1745 923 1808 Parochum
939 1745 1045 1805 remit·

98 1828 147 1882 lat.
162 1826 207 1887 lla
224 1827 411 1904 plane·inter
425 1830 498 1891 alios
513 1829 617 1890 statuit
636 1829 668 1890 S.
681 1828 804 1896 Carolus
826 1829 855 1888 in
870 1823 1044 1890 instructio·

98 1906 178 1968 nibus
199 1910 240 1970 de
261 1909 454 1976 Sacraenenlo
475 1909 694 1971 Eucharistiae.

131 1986 184 2050 lv.
209 1991 457 2067 Antiquissimam
479 2009 543 2054 esse
564 1991 717 2054 Ecclesiae
740 1992 926 2069 disciplinam
948 1989 1044 2050 admi·

97 2068 262 2134 nistrandae
282 2073 507 2150 Eucharisticae
521 2072 744 2136 Communionie
761 2072 885 2136 infirmis
904 2116 911 2141 ,
934 2071 1044 2134 docent

97 2166 146 2212 nos
166 2154 369 2216 ecclesiastiea
391 2162 595 2218 monumenta.
612 2155 745 2218 Tametsi
759 2152 950 2216 Eucharistia
964 2171 1044 2230 quae

98 2236 245 2296 morituris
272 2236 498 2298 administratur
513 2278 535 2317 ‚p
552 2238 643 2299 hodie
673 2237 822 2300 Vindicem
848 2235 1041 2314 appelletur,

97 2313 153 2374 imo
174 2318 296 2380 nornine
316 2317 421 2379 Vindici
442 2318 530 2380 bodie
551 2321 639 2380 unice
661 2322 723 2398 ipsa
738 2320 908 2380 communio
921 2313 1044 2376 Eucha-

36 2428 37 2433 κ
96 2398 189 2460 ristica
214 2403 366 2462 morituris
381 2401 614 2471 administratur,
628 2418 716 2464 secus
739 2409 836 2462 umen
859 2401 935 2478 apud
959 2406 1043 2460 vete·

96 2494 140 2539 res
152 2481 221 2544 luit.
243 2483 267 2542 li
283 2483 365 2544 enirn
378 2483 498 2544 nornine
514 2482 630 2544 Vicriri
644 2482 939 2560 comprehenderunt
953 2499 1042 2557 quae-

96 2575 220 2641 cumque
242 2565 439 2626 morientibus
462 2565 603 2642 prodesse
624 2570 763 2642 possent,
787 2571 820 2626 ut
841 2563 975 2625 securius
998 2568 1043 2624 tu·

97 2640 211 2722 dasque
232 2647 262 2706 in
278 2649 403 2708 allcram
426 2649 520 2706 vitam
536 2646 808 2724 proficiscerentur.
823 2648 848 2706 A
872 2646 935 2706 solo
950 2643 1046 2704 Parn-

96 2723 148 2785 cbe
161 2727 321 2790 deserenda
337 2733 383 2788 est
397 2729 436 2788 ad
449 2727 584 2789 infirmos
598 2727 798 2795 Eucharistia,
815 2728 975 2802 nullusque
991 2725 1042 2786 Sa·

97 2810 214 2874 cordos,
238 2811 301 2870 siva
324 2811 506 2878 saecularis,
529 2812 592 2870 sive
612 2812 770 2888 regularis,
794 2814 893 2888 potest
914 2825 979 2868 cam
1002 2807 1041 2868 ad

96 2885 278 2952 infirmorum
292 2893 399 2952 domos
412 2897 498 2953 extra
513 2909 620 2953 casum
634 2893 817 2954 necessitatis
831 2889 960 2950 delerra.
978 2888 1044 2968 Op·

97 2977 217 3044 portuno
232 2978 370 3052 tempore
390 2991 511 3035 sacrum
526 2970 679 3035 Viatieum
701 2973 864 3051 aegrotanti
882 2988 1045 3047 procuran-

96 3050 160 3114 dum
181 3062 239 3123 est,
263 3073 332 3117 curu
348 3056 462 3118 scillcet
476 3055 629 3134 probabile
643 3060 704 3122 est,
727 3056 806 3132 quod
823 3053 895 3114 illud
907 3051 1044 3128 ‘amplius

96 3148 209 3199 sumere
237 3157 294 3199 non
316 3139 430 3217 possit,
454 3146 576 3200 etcum
597 3155 719 3215 compos
750 3142 797 3198 est
828 3135 873 3196 sui
899 3137 1044 3210 valetque

95 3213 271 3304 intelligere,
294 3239 327 3280 se
348 3223 426 3281 sacri
447 3219 556 3282 Viatici
577 3221 682 3297 vigore
703 3219 904 3280 confortatum
923 3234 961 3279 ex
984 3216 1042 3277 bu·

94 3312 138 3370 Jus
151 3304 281 3365 miserae
294 3303 541 3380 peregrinationis
556 3303 661 3362 itinere
683 3301 719 3360 ad
736 3300 895 3361 caelestem
911 3299 1041 3376 patriam

96 3383 221 3446 emere.
244 3382 312 3450 Non
324 3385 413 3445 debet
426 3385 457 3444 in
471 3384 576 3445 eodem
592 3384 698 3446 morbo
713 3380 959 3444 Communioneur
974 3397 1041 3443 sae·

95 3461 153 3535 pius
173 3467 237 3528 dari
258 3484 313 3543 per
334 3467 459 3528 modurn
481 3465 611 3537 Viatici,
635 3465 690 3526 nisi
713 3464 832 3540 aliquod
854 3482 965 3524 novum
988 3480 1042 3540 pe·

95 3541 214 3611 riculum
241 3552 371 3628 urgeat,
402 3556 438 3610 ut
463 3567 480 3608 a
506 3566 591 3610 sacra
618 3547 854 3626 congregatione
882 3545 914 3605 S.
937 3544 974 3604 R.
999 3539 1038 3602 E.
