2567 4042
491 187 741 265 widem·

8 358 20 397 ,·
127 325 320 387 Suessionum
336 321 521 401 Episcopus·
532 323 565 383 ln
577 322 713 384 Ecclesia
729 326 818 385 etiam
835 325 1083 407 Constantinopo.

125 408 215 469 titana
241 408 319 466 inter
341 407 452 465 veteris
473 424 546 464 suae
571 407 746 483 discipliuae
772 408 867 467 olllcr'a
892 408 919 467 id
948 409 1024 477 luit,
1048 420 1083 473 ut

13 526 19 534 ÷
125 488 233 552 Clerici
250 490 380 567 psalmos
401 505 505 547 omnes
526 491 702 550 memoriter
723 491 1007 566 complecterentur.
1029 492 1082 555 Co·

118 578 226 634 terum
243 571 373 648 psalmos
386 570 559 631 memoriter
575 576 605 630 et
627 573 691 633 sine
708 571 782 632 libro
798 574 935 631 cantandi
952 588 1016 632 mos
1028 574 1081 635 din

8 694 25 731 ἶ,
124 654 232 742 νὶςιιίῐ(
256 651 456 730 ejusdemque
472 653 563 713 moris
577 654 732 713 adbuc‘in
749 654 926 731 quibusdam
944 654 1017 714 locis
1033 674 1081 717 re·

10 758 24 802 ·,
125 739 301 798 manserunt
315 734 451 811 vestigia,
465 738 499 792 nt
513 734 550 793 de
564 733 768 797 carthusianis
785 742 936 797 asseverat
950 734 1081 797 Gussan-

13 862 26 895 ··.
125 818 251 880 siliacus
272 819 302 875 'm
325 818 401 876 uotis
422 815 485 874 suis
500 818 709 877 eruditissimis
725 818 760 876 ad
777 815 941 895 Epistulam
958 817 997 877 ts
1012 820 1081 878 Diri

15 955 19 966 ,
126 898 277 977 Gregorii.
310 898 408 957 lmmo
431 897 507 955 hanc
529 916 595 958 esse
616 900 804 976 disciplinam
828 897 884 957 PP.
909 900 1080 961 Benedicti·

18 1049 27 1063 ·
126 1000 233 1049 norum
257 981 472 1058 praescriptam
495 997 519 1037 a
534 980 564 1039 S.
590 982 763 1048 Benedicto‚
789 982 926 1057 pluribus
948 984 1079 1042 auotori-

127 1064 240 1124 tatibus
261 1062 389 1122 ostendit
410 1060 545 1120 Martene
569 1063 597 1121 in
619 1081 673 1136 sno
695 1063 896 1124 eruditissimo
918 1064 1080 1129 Commen-
1096 1086 1109 1099 ·
1163 1054 1166 1061 ’

9 1171 27 1228 g.
127 1147 204 1207 tario
225 1144 261 1202 ad
283 1150 374 1222 caput
395 1140 416 1200 9
437 1140 623 1220 Reputans.
644 1144 807 1205 Benedicti.
908 1170 910 1175 ·

8 1276 16 1303 ,.
168 1225 206 1287 V.
231 1224 430 1298 Psalmorum,
453 1230 542 1300 prout
564 1227 591 1285 in
608 1224 751 1301 Psalterlo
766 1227 898 1302 dispositi
921 1233 1000 1294 suuis
1024 1229 1080 1288 du-

8 1360 25 1400 q
124 1310 193 1388 plor
223 1314 270 1369 est
291 1310 379 1368 ratic.
413 1306 490 1366 Sunt
509 1308 589 1367 enim
613 1310 705 1387 aliqui
738 1310 828 1369 certis
850 1310 922 1367 locis
945 1310 1077 1382 addicti,

8 1425 25 1480 ί,
124 1390 272 1467 aquibus
294 1406 446 1466 nunqnam
473 1387 708 1461 dimoveanturr
738 1391 788 1449 alii
820 1395 923 1449 contra
948 1392 1078 1451 mutabi·

8 1524 23 1554 μ
126 1473 181 1543 les,
207 1472 282 1531 adeo
304 1471 442 1534 ulmodo
464 1470 621 1539 hi‚·modo
644 1474 690 1533 isti
708 1474 884 1533 recitentur.
901 1471 984 1533 Ordo
1000 1474 1079 1550 psal-

8 1557 19 1564 ’“
126 1572 247 1615 morum
270 1555 376 1631 triplex
398 1568 463 1611 esse
486 1557 603 1628 potest:
627 1554 780 1625 Biblicus‚
803 1551 996 1623 Historicus‚
1023 1552 1080 1614 Ec-

81 1707 91 1713 „
127 1637 333 1704 ctesiasticus3
356 1633 488 1693 biblicus
510 1637 577 1702 est,
601 1638 653 1711 qui
681 1638 709 1695 in
734 1640 826 1695 sacris
849 1636 952 1696 Bibliis
985 1637 1079 1698 habe·

8 1776 24 1803 h
127 1724 188 1784 tur,
212 1717 341 1794 aprime
357 1713 451 1791 usque
473 1715 510 1774 ad
526 1718 673 1793 psalmum
693 1719 763 1792 150,Ι
787 1715 958 1787 Historicns
975 1736 1080 1779 secun-

9 1803 23 1870 ’,ξ
125 1800 198 1861 dum
222 1808 352 1877 tempus,
375 1814 436 1873 quo
447 1798 571 1872 quilibet
587 1801 719 1877 psalmus
741 1802 927 1877 conscriptus
942 1809 998 1860 est.
1022 1801 1081 1861 Ec-

8 1883 21 1953 ζ
125 1883 312 1943 elesiasticns
333 1897 430 1949 vero,
463 1882 628 1940 secundnm
653 1885 743 1947 situm
768 1900 867 1959 quern
880 1882 1005 1958 quisque
1026 1882 1082 1945 ob·

9 2008 22 2030 „
125 1964 252 2046 tinctio
276 1961 421 2022 Psalterio
443 1960 588 2024 Breriarii
612 1983 665 2041 per
680 1964 901 2027 hebdomadam
925 1964 1077 2040 disposito.

9 2094 20 2144 i..
125 2044 212 2109 lnxta
234 2063 306 2107 nero
327 2044 407 2105 hunc
428 2045 562 2122 ordinem
584 2047 634 2107 alii
657 2052 727 2110 sunt
748 2048 854 2125 psalmi
875 2044 1077 2118 Matutinales‚

124 2131 176 2195 alii
191 2128 427 2210 Vesperllnalcs.
450 2126 643 2189 Matutinales
658 2130 679 2191 ii
694 2141 762 2191 sunt
777 2147 882 2190 omues
897 2130 947 2205 qui
971 2130 999 2188 in
1016 2126 1081 2189 Ma·

125 2216 242 2283 tulino,
276 2213 429 2273 Laudibus
455 2216 487 2270 ct
507 2208 598 2270 Horis
630 2213 716 2289 positi
738 2216 827 2278 strat,
854 2208 1086 2288 vespertinales

123 2316 198 2359 rere
220 2296 328 2371 reliqui
351 2313 404 2371 per
423 2310 565 2369 vesperas
586 2292 703 2355 dierum
728 2294 932 2361 hebdomadae
961 2292 1078 2365 disper·

10 2354 18 2443 ξ.
123 2382 181 2441 titi.
205 2378 364 2438 Pluralitas
396 2376 580 2453 psalmorum
613 2376 739 2455 mystice
771 2374 918 2453 significat
947 2374 1080 2433 recolen-

114 2462 177 2523 'dos
200 2478 266 2521 esse
288 2465 388 2518 mores·
410 2457 502 2516 bonos
523 2456 713 2517 diversorum
737 2476 863 2534 operum
885 2472 953 2535 ’per
975 2457 1078 2532 plures

11 2516 18 2559 ε
122 2546 279 2622 psalmost.
295 2540 337 2601 lta
358 2537 612 2599 Ordo‘llomanus
634 2540 662 2597 in
684 2537 806 2599 Oetacis
828 2538 968 2599 Paschae.
994 2536 1081 2595 Anti·

124 2626 303 2701 quissimum
326 2638 392 2683 esse
414 2622 530 2689 ritum,
561 2626 594 2680 ut
615 2617 726 2679 Psalmi
749 2638 766 2680 a
788 2622 934 2681 stantibus
957 2624 1079 2679 canten-

12 2684 17 2792 ἱ
126 2712 198 2776 tur,
221 2704 423 2783 eruditissime
443 2702 571 2779 probant
592 2702 740 2763 Antonius
761 2701 962 2771 Caracciolns‚
981 2701 1010 2759 in
1033 2718 1081 2761 se·

12 2797 16 2870 ᾖ
125 2788 222 2849 cunda
244 2787 374 2846 editione
395 2787 444 2845 sui
461 2783 678 2846 commentarii
703 2783 744 2843 ud
761 2782 993 2846 constitutiones
1019 2780 1082 2843 Cla·

13 2874 16 2953 j
125 2872 262 2930 ricornm
277 2860 488 2946 dispulerim,
514 2882 567 2925 nec
588 2883 648 2924 non
669 2862 845 2927 Franciseus
862 2866 1009 2943 Magglus,
1026 2862 1081 2923 Dr'·

13 2954 16 3032 J
125 2951 276 3033 spuitione
300 2952 406 3028 quinta
432 2954 463 3010 et
484 2964 567 3025 seqq.
595 2945 632 3005 dc
648 2946 760 3007 Divino
791 2944 901 3031 Officio.
931 2956 958 3005 ct
983 2946 1078 3003 ebore.

124 3032 157 3095 S.
182 3031 366 3093 Athanasius
388 3032 417 3091 in
440 3031 514 3092 libro
541 3026 576 3086 dc
594 3026 777 3107 Virp'r'nr'iutc
792 3033 849 3090 ait:
873 3026 977 3089 Medio
1000 3031 1083 3085 nocta

14 3175 15 3186 ,
122 3116 248 3194 surpite,
268 3124 295 3173 ct
305 3118 433 3193 psalmus
455 3110 553 3178 dicito,
578 3120 726 3189 qnantum
736 3122 828 3198 potas,
846 3120 941 3169 stans.
964 3106 1081 3167 Rursus

122 3198 203 3258 idern
227 3196 378 3273 colligitur
398 3212 436 3254 ex
458 3192 490 3253 S.
509 3192 618 3253 loanne
632 3190 849 3271 Chryscstomo
872 3192 908 3251 de
930 3190 992 3249 rita
1016 3189 1081 3249 blo·

123 3279 291 3340 anchorum
313 3277 360 3337 sui
382 3276 535 3353 temporis,
558 3276 599 3336 ita
620 3274 781 3344 scribente,
805 3270 1003 3335 Humilia
1017 3268 1082 3349 pri·

124 3378 174 3421 ma
193 3359 357 3420 dbimotltci
368 3378 379 3419 .·
405 3358 483 3421 Cum
505 3365 577 3416 autc
596 3358 692 3416 luccas
713 3356 810 3433 pullus
833 3356 941 3415 amittit
961 3368 1083 3420 nocem.-

115 3450 227 3503 'omnrs
241 3462 308 3502 cum
324 3439 501 3509 renuentia,
519 3437 650 3499 discusso
666 3456 779 3517 sopore,
796 3444 980 3513 constrepunt
995 3452 1014 3493 a
1029 3450 1082 3494 suo

54 3586 66 3606 Ι
127 3524 252 3584 excitati
266 3521 420 3591 Proetum,
442 3519 620 3599 adstantque
639 3537 727 3579 sucro
749 3520 849 3579 choro:
867 3520 1007 3600 protinus
1031 3532 1083 3573 ec·

121 3604 228 3688 pansis
252 3604 393 3666 manibus
423 3610 535 3663 sanctor
559 3601 719 3685 concinunt
738 3602 869 3681 llyrnnos.
895 3598 1002 3661 Petrus
1025 3597 1084 3656 Ro·
1115 3676 1118 3681 Ι

899 3694 916 3727 ᾳ
