2567 4042
362 214 366 218 -
488 183 728 279 mrum·

380 351 387 357 ⁴
489 390 615 454 carus
635 383 722 455 xiv.

210 572 268 635 ,us
290 562 518 625 seerromrrus,
541 539 785 629 nesronsonrrs,
810 574 971 619 carrruurs

450 654 492 699 er
512 655 556 698 ue
570 649 749 725 ⁴onr'rrorur.

162 800 188 861 l.
211 797 358 860 Filiorum
385 798 532 877 profectui
555 801 661 862 sedulo
683 799 860 863 incumbens
885 799 1080 881 Sanctaltla·
1164 820 1169 833 ·

15 902 20 906 ’
118 890 171 945 ter
180 884 327 944 Ecclesia
338 891 350 951 ,'
370 884 399 941 in
422 885 603 943 nocturnam
624 881 814 961 Psalmorum
844 883 1078 945 modulationem

113 955 490 1033 Sacrarum'Literarum,
514 957 754 1043 sanctorumque
777 962 900 1024 Patrum
924 962 1081 1027 Lectiones

119 1047 296 1111 inserendas
316 1064 383 1107 esse
405 1046 549 1107 decrevit.
573 1049 641 1109 Mos
663 1053 765 1109 autem
788 1045 894 1107 Sacras
908 1047 1081 1123 Scripturas

122 1130 241 1207 legendi
261 1136 278 1187 a
300 1128 456 1207 synagoga
479 1128 634 1205 protectus
656 1134 712 1196 est,
736 1129 786 1189 ubi
809 1128 1081 1204 singulissabbatis

124 1211 224 1287 capita
244 1211 359 1287 aliquot
373 1227 417 1268 ex
441 1209 520 1286 Lege
541 1218 572 1272 et
593 1209 753 1288 Prophetis
777 1211 967 1289 legebantur.
992 1210 1080 1271 -ldem

124 1294 232 1372 priscis
251 1292 378 1353 saeculis
403 1291 559 1369 Liturgiae
594 1298 728 1371 tempore
751 1290 958 1363 factumest,
992 1298 1082 1368 atque

109 1378 211 1437 ·-r'etus
242 1381 275 1435 et
308 1392 423 1433 novum
440 1372 671 1444 Testamentum
704 1375 935 1455 perelegebatur
957 1375 1083 1453 populo·

120 1466 184 1534 que
206 1453 424 1532 explicabatur.
452 1454 610 1518 Lectiones
632 1459 661 1515 in
682 1456 788 1518 Ollicio
811 1476 827 1517 e
850 1452 1008 1535 Scriptura
1029 1456 1082 1517 Sa'·

120 1538 177 1598 cra
199 1544 314 1598 tantmn
330 1537 390 1615 peti
405 1536 552 1607 solebant,
575 1540 656 1615 quod
678 1540 808 1600 adhaec
824 1546 961 1614 tempora
983 1540 1012 1598 in
1027 1536 1082 1598 Oi-

121 1618 195 1681 ficio
216 1618 311 1679 leriali
334 1623 484 1681 servatur.
507 1618 553 1679 ln.
564 1620 706 1699 Adventu
728 1621 836 1699 legitur
858 1620 974 1692 lsaias3
1010 1620 1092 1696 quia.

125 1701 225 1778 inquit
244 1700 417 1761 Arualarius
432 1699 476 1759 -de
494 1698 571 1761 Ord.
595 1699 720 1780 Antiph.
738 1703 811 1781 Cap.
836 1700 877 1765 ’16
899 1720 988 1763 nemo
1010 1702 1082 1762 Pro-

124 1783 219 1861 pheta
240 1786 373 1861 apertius
397 1782 537 1856 loquutus
552 1790 600 1845 est
620 1784 658 1846 de
680 1782 850 1861 Nativitate
865 1783 934 1845 lesu
957 1782 1080 1845 Christi.

121 1865 159 1927 lu
181 1864 320 1935 Passionc
342 1863 488 1924 Ieremias
509 1863 628 1944 legitur,
653 1866 705 1943 qui
728 1868 824 1927 multa
847 1870 952 1925 narrat
972 1866 1009 1925 de
1031 1882 1082 1927 ea·

9 1957 10 1966 ’
118 1948 205 2009 dem.
229 1946 300 2008 Post
315 1944 537 2007 Paschahctus
553 1947 766 2024 Apostolorum
788 1953 819 2007 et
833 1946 986 2022 Epistolae
1001 1946 1082 2023 Apo·

9 2015 11 2090 ἶ
123 2029 288 2097 stolomm3
312 2029 382 2104 quia
397 2028 509 2088 virtute
532 2046 639 2107 magna
661 2028 827 2089 reddebant
842 2026 976 2105 Apostoli
999 2029 1082 2089 testi-

9 2103 11 2180 Ϊ
125 2112 263 2171 monium
279 2109 520 2170 Resurrectionis
539 2109 610 2179 ,lesu
630 2107 754 2171 Christi.
778 2108 902 2187 Legitur
923 2105 989 2178 lob,
1010 2111 1083 2187 quia

9 2187 11 2214 ³
122 2192 156 2252 irr'
177 2210 251 2269 pace
273 2190 427 2251 Ecclesiae
456 2209 514 2251 nou
542 2193 652 2253 des'unt
679 2191 816 2253 fidelibus
837 2190 1014 2251 tentationes
1043 2192 1081 2253 ad

122 2275 331 2351 probationem
353 2280 385 2353 et
405 2275 581 2349 exercitium
606 2274 735 2335 virtutis.
754 2272 780 2334 Α
797 2272 1020 2353 Septuagesima
1044 2274 1081 2333 ad

123 2356 315 2417 Dominieam
337 2356 374 2414 de
391 2348 541 2424 passione,
565 2354 690 2417 Genesis
711 2354 750 2417 et
765 2356 905 2425 Exodus3
930 2356 998 2431 quia
1016 2372 1091 2435 pus-¹

117 2440 240 2518 sionem
256 2437 377 2514 Domini
391 2436 572 2497 celebraturi
595 2455 755 2499 recurrere
778 2436 922 2497 debemus
944 2436 980 2495 ad
994 2436 1078 2499 Adae

120 2527 295 2601 peccatum.
327 2520 431 2577 Mense
452 2536 532 2578 vero·
550 2519 728 2595 septembris
749 2517 831 2578 Libri
858 2524 988 2594 quatuor
1011 2516 1079 2597 per·

123 2605 207 2665 curri
234 2602 355 2668 solent,
379 2599 519 2661 videlicet
539 2601 670 2671 Tobias,
694 2598 815 2667 Iudith,
839 2596 950 2659 Esther
972 2606 1002 2661 et
1024 2598 1079 2661 Es·

123 2683 193 2744 dtas
215 2701 270 2760 per
291 2700 367 2759 quos
387 2689 517 2759 quatuor
540 2684 667 2743 virtutes
689 2680 856 2743 cardinales
888 2682 1077 2755 indicantum

121 2763 235 2826 Tobiae
255 2767 336 2825 euim
353 2761 530 2839 prudentiae
552 2769 659 2843 typum
682 2765 790 2841 gessit,
815 2762 916 2823 Iudith
932 2763 1081 2824 tortitudi-
1123 2772 1127 2785 ¹

124 2846 182 2915 uis,
206 2844 316 2905 Esther
340 2847 567 2922 temperantiae,
591 2843 713 2915 Esdras,
736 2845 882 2925 justitiae.
906 2846 1010 2904 blense
1028 2864 1080 2904 no-

123 2926 242 2988 vembri
257 2928 398 3005 leguntur
414 2926 598 2996 Ezechielis,
615 2925 760 2998 Danielis,
786 2934 817 2987 et
837 2926 994 2985 duodecim
1006 2926 1078 2987 Pro·

123 3009 286 3090 phetarum
302 3008 395 3079 Libri,
420 3010 489 3084 quia
511 3025 600 3085 saepe
615 3008 782 3085 loquuntur
804 3009 841 3067 de
857 3007 987 3067 adventu
1002 3004 1081 3068 Mes·

124 3092 199 3161 siae,
224 3108 314 3166 quem
337 3090 526 3152 celebramus
550 3093 578 3149 in
601 3090 739 3167 proximo
764 3088 936 3151 Decembri.
1028 3124 1029 3129 κ

166 3172 207 3235 ll.
232 3172 276 3233 lle
295 3170 486 3233 ‘passionibus
507 3190 580 3233 vero
601 3170 652 3232 SS.
677 3166 848 3250 Martyrum
873 3169 1004 3247 legendis
1026 3188 1081 3249 pu·

97 3300 102 3306 -
125 3256 203 3317 blice
218 3256 248 3315 in
262 3254 397 3315 Ecclesia
419 3255 642 3329 antiquissimus
657 3256 704 3313 est
719 3270 803 3313 usus.
822 3250 922 3329 Hujus
938 3251 979 3310 rei
995 3269 1080 3331 prae·

123 3337 241 3397 clarum
265 3336 407 3416 perhibet
422 3337 626 3399 testimonium
653 3333 685 3395 S.
705 3331 892 3410 Augustinus,
914 3335 942 3393 in
958 3331 1081 3395 Sermo·
1194 3327 1199 3338 “

126 3435 164 3477 ne
178 3417 206 3479 ll
229 3419 266 3478 de
288 3416 505 3493 S.·Stepheuo.
519 3414 557 3475 Et
580 3418 609 3475 io
625 3414 756 3477 Concilio
771 3412 997 3493 Carthaginensi
1020 3422 1082 3478 ter·

101 3498 168 3580 ¹tio
187 3500 243 3559 sub
265 3500 356 3561 linem
379 3498 491 3559 saeculi
514 3496 555 3557 lv
589 3498 743 3559 celebrato
770 3500 949 3573 permissum
980 3496 1081 3561 suerat

125 3579 185 3660 legi
206 3583 360 3659 passiones
382 3579 553 3659 Martyrum
580 3581 609 3639 in
631 3578 809 3642 eorumdem
841 3580 1080 3653 Annirersario,
