2567 4042
447 210 672 285 wilti*

66 345 145 403 ctae
167 338 285 417 vulgari
312 342 343 398 ot
364 341 563 401 communiori
585 342 752 405 sententiae
780 348 883 421 aperte
906 344 1037 423 refraga-

66 428 138 492 tur,
164 422 247 499 quia,
271 420 486 482 eruditioribus
503 424 706 492 adhaerenda,
732 444 788 485 non
805 426 933 486 admittit
948 428 1036 489 cliro-

68 506 183 565 nicum
216 502 248 561 S.
272 504 354 564 Datii
376 504 523 571 Antistitis
545 504 786 567 Mediolanensis.
810 507 946 569 Gavanto
969 510 1038 569 sub·

67 587 198 664 scripsit
219 587 309 644 etiam
333 583 423 662 Hogo
445 584 628 653 menardus,
653 590 687 649 in
709 591 788 651 natis
810 589 851 648 ad
868 588 960 651 Ritus
979 588 1037 650 Us-

69 668 185 731 ctionis
204 666 292 745 Rapis
310 663 496 728 Francorum
518 675 585 746 post
609 667 891 731 sacramentarium·
912 673 943 733 S.
964 672 1038 735 Gro-

68 750 161 830 porii
176 766 244 827 pag.
262 747 323 807 399
335 755 366 809 et
381 748 453 816 t00;
469 748 577 811 Petrus
588 750 766 818 PuricolluS.
783 754 817 813 in
834 752 902 813 Vita
915 751 946 812 S.
960 752 1035 814 Lan·

69 833 174 893 rentii
195 832 268 908 Cap.
285 829 313 891 ll
337 842 367 889 u.
385 831 405 889 2
426 838 456 891 et
470 832 544 909 Cap.
558 833 598 892 20
620 852 650 893 n.
670 834 720 904 17;
745 836 810 895 lose
833 852 905 893 vero
922 838 951 893 iu
967 837 1036 896 Dis·

69 914 237 993 sarlatione
260 910 444 975 Nazariano
466 913 540 991 Cap.
565 912 628 986 393
654 915 769 981 Basca,
801 918 830 977 in
853 914 1038 996 Martyrolo·

68 999 125 1075 pio
149 993 299 1065 Ecclesiae
315 987 545 1073 Mediolanenses
565 996 606 1055 ad
622 996 702 1057 diem
721 997 759 1057 sl
776 994 925 1071 Jannarii
938 996 1034 1076 slis·

69 1078 192 1142 billoo,
218 1076 308 1137 Tom'.
329 1076 342 1137 l
365 1072 600 1147 Analectornm,·
621 1077 787 1147 Cardinelis
810 1078 913 1149 Bona,
937 1082 971 1139 in
986 1098 1037 1149 no·

72 1160 149 1220 titia
167 1154 340 1222 Auctorem,
349 1157 491 1238 praefixa
512 1178 566 1220 sao
580 1160 663 1239 operi
685 1160 719 1221 de
736 1160 1036 1223 Divina'Psa'lmodio

71 1240 192 1301 Littera
216 1240 254 1299 D.
280 1241 329 1299 ubi
353 1241 415 1299 ait:
431 1242 531 1307 ·Datio
553 1238 696 1321 Episcopo
719 1241 939 1303 Mediolanensi
958 1244 1036 1322 [also

75 1322 269 1400 adscrs'prtam
289 1322 493 1391 chronicum,
515 1333 549 1383 at
565 1333 680 1383 censent
693 1324 753 1384 oiri
768 1322 891 1386 eruditi.

116 1404 159 1465 ll.
183 1404 355 1479 ductores,
379 1406 430 1480 q'ui
453 1404 622 1480 praelatum
645 1404 803 1483 Hymnum
825 1407 880 1465 soli
906 1404 1035 1467 Ambro-

71 1487 120 1548 sio
142 1486 328 1564 adjudicant,
353 1495 422 1546 sunt
443 1486 621 1554 Puricellus‚
647 1486 677 1545 iu
700 1486 914 1548 Dissertatione
931 1486 1035 1549 Naza·
1067 1536 1075 1566 Ι.
1105 1494 1108 1501 “

71 1569 179 1629 riona.
191 1565 275 1643 Cap..
287 1567 348 1638 393
371 1567 524 1637 Mostene,
547 1567 588 1626 od
606 1569 704 1648 Caput
719 1568 756 1629 11.
776 1568 908 1647 Repetas
929 1570 960 1631 S.
978 1569 1035 1629 Be-

73 1649 216 1715 nedicti,·
238 1648 368 1719 Lolmer,
392 1650 421 1709 in
444 1650 646 1712 Instructione
656 1653 796 1730 practica
813 1650 848 1709 de
864 1649 964 1734 Officio
981 1652 1035 1713 Di*

73 1734 147 1791 nino
165 1740 247 1810 part.
265 1732 287 1789 2
303 1732 398 1791 tit-l.
422 1733 545 1799 Praeter
568 1734 754 1810 supradictas
777 1734 931 1810 opiniones
953 1735 1034 1795 circa

72 1813 241 1874 Auctorem
262 1809 377 1891 Hymni
397 1811 433 1874 Te
454 1815 549 1874 Deam
571 1813 748 1880 laedamus
767 1814 842 1875 aliae
864 1816 953 1875 ctiam
977 1816 1035 1875 cir·

73 1896 309 1963 oumleruutur,
327 1913 412 1972 ·quae
434 1896 500 1956 aliis
521 1895 703 1957 Auctoribus
726 1898 866 1957 eumdem
882 1897 1033 1975 hymnum

72 1977 223 2037 referunt.
247 1976 292 2037 lta
313 1974 519 2041 Garantus.in
542 1976 697 2037 Breviario
721 1980 923 2053 manuscripto
937 1976 1033 2039 Colle-

75 2058 117 2135 gii
139 2059 274 2118 Aniciani
297 2060 334 2119 de
357 2057 436 2120 Urbe
458 2059 777 2137 antiquissimo‘legit:
806 2057 841 2119 Te
856 2058 952 2119 Deam
967 2061 1034 2120 tao-

76 2138 202 2215 damas,
227 2140 284 2200 hoc
306 2141 392 2201 titolo
415 2146 651 2218 praenotatum:
675 2140 813 2221 Hymnus
835 2140 866 2202 S.
889 2140 1031 2211 Abundii,

75 2224 162 2283 cuius
178 2228 278 2282 tameo
294 2222 436 2283 Auctoris
450 2222 555 2285 nullibi
580 2223 653 2283 alias
669 2225 780 2285 mentio
795 2223 934 2293 habetur,
953 2224 1033 2285 undo

76 2323 199 2383 prorsus
223 2306 378 2382 ignoratur
400 2306 468 2382 quis
483 2306 532 2365 sit.
549 2305 663 2366 Natalis
678 2306 849 2366 Alexander
865 2304 897 2363 io-
910 2324 966 2366 sua
981 2304 1033 2365 ffl-

75 2388 170 2448 storia
192 2384 404 2447 Ecclesiastico
425 2386 543 2447 saeculo
559 2387 580 2448 Ι
583 2389 607 2449 V
617 2385 690 2463 Cap.
705 2386 745 2446 60
769 2405 850 2449 num.
874 2387 912 2446 12
933 2384 1033 2448 Canti-

77 2486 147 2529 cum
175 2464 211 2525 Te
233 2469 330 2528 Deam
352 2468 512 2528 londonias
533 2470 627 2529 relert
648 2470 764 2529 cuidam
785 2470 933 2530 Monacho
948 2469 1035 2530 Ordi-

78 2551 124 2610 nis
146 2549 338 2611 Benedectini
352 2548 492 2611 Sisebuto
515 2552 647 2621 nomine,
671 2552 761 2627 idque
776 2557 913 2611 constare
928 2553 1033 2620 asserit

79 2650 116 2692 ex
139 2632 262 2707 antiquo
284 2631 438 2691 Breviario
460 2629 551 2692 Chori
573 2632 748 2693 Monasterii
770 2633 950 2696 Cassiuensis
982 2635 1033 2694 de·

83 2714 190 2790 scripto
213 2712 305 2791 paulo
327 2718 395 2789 post
415 2732 527 2775 annom
550 2713 642 2783 1086,
666 2715 696 2773 in
718 2733 776 2792 quo
799 2716 862 2775 hoc·
878 2713 1034 2775 Canticum

82 2794 264 2855 inscribitur:
287 2792 426 2874 Hymnus
442 2793 572 2857 Sisebati
586 2795 738 2858 Monacbi:
761 2798 809 2857 cui
825 2798 937 2874 pariter
952 2798 1032 2857 idem

80 2874 233 2936 Canticum
257 2876 398 2936 tribuitur
419 2878 447 2936 in
470 2880 564 2938 altero
586 2876 694 2939 Codice
721 2878 925 2956 manuscripto
949 2878 1033 2940 Vati·

80 2975 167 3018 canae
190 2957 393 3018 Bibliothecae
414 2958 535 3021 laudato
557 2960 759 3021 adoctissimo
779 2959 935 3020 Cardinale
950 2961 1033 3021 Boua

80 3041 108 3098 in
130 3039 220 3099 libro
242 3039 277 3098 de
299 3039 411 3100 Divina
428 3040 611 3102 Psalmodio.
636 3040 703 3101 Non
726 3045 835 3103 desunt
853 3043 955 3110 etiam,
978 3043 1031 3120 qui

79 3121 205 3183 eundem
227 3120 384 3199 Hymnum
401 3122 523 3185 Nicetao
546 3124 731 3194 adscribant,
756 3125 837 3185 docti
852 3125 1031 3185 auctoritate

35 3200 39 3205 ’
79 3201 211 3265 Psalterii
234 3202 470 3283 Latini-gallici,
495 3207 582 3267 cuius
605 3208 788 3270 mentionem
812 3207 883 3268 iecit
904 3204 1031 3268 lacobus

80 3282 212 3346 tisserius
235 3284 423 3347 Armacanus
444 3290 479 3348 in
499 3286 644 3349 Tractare
660 3288 696 3348 de
711 3288 858 3367 S'ymbolis
878 3288 1031 3351 Romanae

83 3366 244 3428 Ecclesiae:
266 3369 318 3428 sed
341 3387 410 3429 cum
432 3371 589 3447 ignoretur
610 3371 677 3448 quis
699 3371 791 3432 luerit
813 3372 870 3431 iste
891 3369 1030 3443 Nicetas‚

84 3466 138 3525 qua
158 3454 256 3510 aetate
279 3448 435 3520 floruerit,
460 3450 553 3529 hujus
572 3450 687 3531 Hymni
703 3456 808 3513 auctor
822 3453 949 3533 judicari
972 3470 1030 3515 nou

83 3535 183 3608 potest.
214 3531 357 3594 Sanctum
379 3530 529 3593 Hilarium
555 3530 771 3596 Pictavieusem
800 3535 893 3615 hujus
915 3534 1030 3614 Hymni

83 3618 230 3674 auctorem
263 3614 420 3692 indigitant
450 3621 588 3679 auctores
610 3615 804 3679 Praelationis
834 3618 871 3677 od
894 3616 1027 3696 ejusdem
