2567 4042
444 203 669 278 memus

84 335 116 396 ad
138 337 278 398 laetitiam
306 333 479 414 paschalem
507 336 683 412 saepissime
704 334 928 396 declarandam.
951 333 1031 407 Quid

83 419 105 478 si
126 418 296 496 Antiphona
317 419 446 479 sumitur
468 436 505 478 ex
529 417 675 494 principio
696 417 830 486 Psalmi,
862 416 909 476 vel
933 415 1031 478 Canti-

83 501 117 568 ci,
139 507 169 562 ot
195 500 297 575 incipit
318 501 397 560 sicut
411 499 547 560 Psalmus
569 499 616 560 rei
633 497 806 560 Canticum‘l
828 516 864 559 eo
886 516 958 559 casu
974 514 1033 557 non

83 581 183 643 dicitur
205 582 386 659 principium
409 579 519 642 Psalmi
541 599 595 642 seu
611 579 737 651 Cantici;
753 582 805 642 sed
828 581 1030 647 continuatur,

84 665 155 739 quod
178 668 314 740 sequitur
338 665 367 722 in
387 661 528 735 Psalmo,
545 664 592 724 rel
616 661 751 731 Cantico,
774 665 813 724 ab
835 680 871 723 eo
893 661 957 722 loco
980 660 1030 722 ubi

83 745 183 806 desinit
204 745 387 822 Antiphona.

443 932 570 996 CAPUT
584 933 664 1034 llll.

333 1145 375 1188 DE
396 1144 528 1190 PSALMlS
551 1147 591 1190 ET
615 1146 765 1192 cenricus.

116 1315 141 1376 Ι.
164 1315 256 1378 Liber
279 1314 464 1379 Psalmorum
499 1319 673 1380 inscribitur
705 1320 736 1378 in
763 1318 886 1381 llebreo
919 1319 1032 1396 Septies·

27 1463 28 1466 Ἴ
80 1396 218 1466 tbsitlim,
242 1394 330 1458 Liber
350 1401 547 1478 tymnorum,
571 1403 616 1464 uel
642 1400 789 1469 tondum,
815 1401 895 1478 quod
917 1402 1032 1462 scilicet

27 1519 28 1550 1
81 1480 167 1562 major
183 1498 292 1542 eorum
316 1500 385 1559 pars
407 1482 510 1543 laudes
526 1483 581 1543 Dei
596 1491 809 1560 prosequatur.
832 1483 920 1560 Apud
936 1485 1032 1544 Grae·

80 1577 124 1622 cos
144 1569 191 1624 est
215 1561 394 1630 Pentascino,
418 1581 470 1624 seu
492 1561 580 1626 Liber
601 1564 812 1632 Psalmoram:
834 1564 915 1640 quod
937 1565 1031 1626 etiam

27 1643 29 1704 J
80 1642 104 1700 in
125 1647 235 1706 nostris
258 1643 362 1705 Bibliis
394 1644 507 1706 latinis
529 1665 636 1706 nomen
667 1653 822 1708 servatum
844 1650 902 1707 est.
936 1646 1031 1706 Porro

27 1797 28 1805 ἵ
79 1719 242 1786 Psnlscriou
258 1725 408 1786 musicum
422 1734 469 1788 est
489 1729 714 1799 intrumentum,
727 1728 812 1807 cujus
827 1730 955 1788 nominis
970 1733 1032 1807 ely·

79 1822 150 1880 mon,
176 1810 221 1868 uti
242 1804 432 1876 etPsnlmus,
450 1810 569 1872 ducitur
591 1829 628 1870 ex
644 1810 759 1872 Graeco
779 1808 910 1883 ψαλλω,
923 1813 1039 1890 psallo,—

27 1891 28 1894 ’
78 1888 277 1950 instrumentis
293 1907 379 1950 cuno.
404 1891 437 1950 ln
448 1889 611 1970 Evangelio
633 1893 863 1964 dicitursbpnos
884 1890 1030 1966 ψαλμων,

78 1963 157 2032 tiso
184 1969 387 2032 Psnlmcrum.
411 1973 600 2036 Psalmorum
623 1975 748 2036 lectione
771 1976 915 2034 discimus
937 1993 1033 2035 uuum

79 2067 137 2116 esse
152 2062 182 2116 ct
205 2055 387 2135 singularem
404 2055 512 2124 Deum,
537 2057 636 2118 inania
652 2075 725 2117 vero
746 2062 867 2134 spectra
882 2075 948 2116 esse
964 2074 1032 2132 pro·

78 2132 209 2196 lanornm
232 2137 335 2196 Deos:
360 2134 457 2197 Deum
479 2156 617 2198 summae
640 2157 706 2200 esse
728 2141 890 2216 potentiae.
914 2138 1031 2212 sapien·

80 2217 145 2288 tiae,
167 2217 324 2296 justitiae,
349 2220 582 2280 misericordiae.
608 2219 642 2279 ln
665 2222 850 2299 amplissimo
872 2219 938 2297 ejus
959 2218 1030 2278 Pro·

79 2299 223 2361 ridentiae
245 2301 311 2360 sinu
327 2318 432 2362 omnes
454 2308 611 2364 creaturae
633 2302 791 2363 iurentur:
815 2304 882 2382 ejus
903 2301 1032 2378 imperio

80 2398 160 2444 nemo
183 2382 248 2442 sive
269 2381 402 2459 Angelus
433 2385 496 2444 sive
520 2385 613 2444 homo
646 2403 703 2446 non
725 2384 893 2462 subjicitur.
926 2381 1031 2459 Lapsis

80 2471 155 2525 retro
177 2464 307 2524 saeculis
331 2469 448 2541 patrata
470 2467 509 2526 ab
525 2465 681 2527 Altissimo
703 2468 837 2545 prodigio
861 2465 1033 2544 producun-

81 2549 135 2607 tur.
158 2545 302 2606 Mortales
316 2564 439 2617 0mnas,
463 2554 495 2608 et
509 2548 661 2625 dispersae
679 2567 731 2625 per
746 2549 860 2610 Orbem
877 2555 980 2626 gentes
993 2545 1031 2606 ad

80 2626 144 2706 ejus
166 2628 271 2688 laudes
293 2637 458 2698 vocantur,
482 2629 688 2709 jubenturque
710 2649 777 2708 spes
809 2648 915 2691 omnes
946 2630 974 2688 in
996 2627 1032 2687 il-

79 2707 136 2770 lum
160 2707 301 2788 rejicere,
326 2729 477 2787 nunquam
500 2714 537 2772 ab
552 2713 675 2789 agendis
696 2712 760 2773 Deo
774 2712 878 2791 gratiis
898 2726 1028 2779 cessare,

80 2794 177 2869 utpote
200 2810 290 2867 quem
307 2811 399 2854 rrnurn
423 2793 584 2856 habuerint
606 2795 741 2855 omnium
758 2796 906 2856 bonorum
928 2797 1031 2852 aucto·

81 2889 152 2934 rem.
184 2873 304 2947 Quanta
337 2873 384 2936 ille
407 2878 568 2938 severitate
601 2876 631 2935 in
654 2877 764 2958 impios
789 2875 1030 2943 animadvertat,

79 2955 174 3018 solidis
191 2959 378 3033 argumentis
400 2959 618 3034 luculentisque
634 2960 780 3035 exemplis
793 2959 1029 3019 demonstratur.

78 3034 141 3098 Post
163 3040 241 3100 hauc
257 3040 430 3109 mortalem,
455 3041 548 3101 altera
566 3057 619 3099 nos
641 3046 742 3109 manet
756 3041 816 3102 rita
840 3035 978 3117 perennis
1001 3035 1032 3094 in

80 3119 167 3180 cocle.
190 3120 240 3180 bn
263 3140 335 3183 nero
358 3120 452 3182 David
475 3123 514 3182 sit
535 3126 640 3182 auctor
663 3123 799 3183 omniurn
821 3121 1029 3198 psalmorum,

80 3198 198 3262 dubium
220 3211 268 3265 est
288 3209 319 3264 et
340 3210 582 3266 controversum.
610 3201 689 3262 Nam
710 3204 803 3280 aliqui
825 3203 929 3262 Patres
953 3199 1032 3274 psal-

80 3297 141 3341 mos
163 3284 198 3344 iis
219 3285 392 3347 auctoribus
416 3287 576 3353 tribuunt,
601 3287 653 3362 qui
676 3286 706 3344 in
731 3286 825 3345 titulis
850 3281 1033 3361 psalmorum

80 3370 302 3438 praenotantur,
327 3366 451 3438 Doridi,
480 3365 591 3446 Moysi,
621 3365 795 3434 Salomoni,
822 3362 942 3444 Asnpb,
969 3361 1035 3422 ldi-

82 3443 161 3506 tinm
178 3453 235 3510 eto.
260 3450 302 3509 At
322 3448 354 3510 S.
380 3449 564 3528 Augustinus
584 3446 650 3510 Lab.
668 3446 765 3510 XVII
781 3444 1035 3509 consonasse·

83 3522 151 3604 Cap.
168 3527 206 3588 lt
226 3531 337 3606 aliique
358 3532 504 3593 Davidem
522 3530 705 3608 psalmorum
727 3531 861 3592 omnium
877 3531 1033 3588 auctorem

83 3619 254 3686 agnoscunt.
284 3611 419 3692 Utraque
440 3614 587 3676 sententia
608 3613 672 3676 suis
694 3613 800 3674 nititur
820 3609 1031 3688 argumentisr
