2567 4042
494 219 553 283 etti
576 213 615 274 37
637 221 696 282 dis·
923 297 927 306 Ι

124 333 207 398 Pauli
222 339 396 400 concinnata
411 345 466 400 est.
484 345 647 413 Αγιασμος,
659 341 827 421 Apiecmos,
842 349 880 405 rie
895 341 932 403 de
948 341 1079 420 vulgari·

126 419 179 479 bns
194 417 289 498 hujus
304 421 386 482 vocis
401 420 667 498 significationibus
683 443 827 504 agamus,
844 429 927 484 notat
941 422 999 484 boe
1015 423 1079 484 loco

124 501 288 563 solemnem
301 520 398 579 aquae
406 503 656 573 benedictionem,
664 505 749 584 juxta
759 524 851 584 quam
861 505 939 584 apud
947 504 1081 569 Graccus

124 580 224 662 peragi
243 583 336 664 ,solet3
354 583 442 662 cujus
464 588 584 662 quidem
602 589 755 665 duplicem
779 588 928 650 babemus
942 589 1080 648 ordinem

124 665 153 724 in
174 662 373 744 Euchologio
387 674 566 738 Διακονικον,
593 670 814 741 Diocouieum,
839 686 916 748 quae
936 687 997 730 uox
1020 687 1079 730 uun

124 765 214 808 unam
238 748 318 826 apud
341 749 505 828 scriptores
525 753 746 814 ecclesiasu'cos
766 751 1013 831 significationem
1027 752 1080 811 ob·

124 828 218 890 tinet:
243 831 376 891 sumitur
403 832 582 910 quandoque
606 835 662 910 pro
685 852 722 896 ea
743 832 895 895 Ecclesiae
917 837 1023 910 parte,
1048 834 1079 892 in

126 927 184 988 qua
206 929 278 972 vase
302 929 399 979 sacra,
417 921 448 975 et
461 919 561 978 restes
577 917 810 994 reponebantur,
828 933 958 992 quorum
974 932 1079 976 curam

126 991 278 1054 habebant
293 991 429 1065 Diaconi;
445 998 622 1076 quandoque
646 1015 702 1076 pro
720 998 860 1067 Collectm
878 1014 931 1058 seu
953 1016 990 1060 ea
1012 1015 1080 1076 prc-

126 1092 194 1138 cum
225 1073 414 1154 publicarum
436 1085 546 1155 parte,
570 1098 661 1155 quam
683 1079 809 1139 Diaconi
832 1079 1074 1158 pronuntiabant.

125 1153 191 1218 Hoc
225 1174 299 1217 vero
332 1157 398 1219 loco
421 1157 546 1232 Librum
580 1162 703 1223 denotat
724 1159 993 1245 Ecclesiasticum',
1017 1179 1078 1239 quo
1195 1208 1201 1214 .

124 1239 245 1307 omnia„
271 1239 368 1316 inquit
390 1239 451 1320 Leo
474 1243 627 1311 Allatius,
658 1261 738 1320 quac
765 1243 802 1304 ad
825 1243 948 1305 Diaconi
970 1260 1078 1305 munus

125 1319 296 1383 obeundum
320 1323 535 1398 requiruntur,
559 1325 588 1384 in
610 1326 726 1402 agenda
748 1343 782 1386 re
803 1326 903 1384 divina
924 1331 956 1388 et
977 1325 1077 1403 singu-

125 1402 160 1463 lis
181 1403 310 1472 officiis,
336 1421 396 1464 uno
416 1406 510 1466 veluti
532 1406 611 1468 iascc
634 1409 835 1470 continentur.

162 1484 204 1546 11.
227 1491 427 1557 Αντολογιον,
443 1484 632 1566 Aetolopioo,
650 1490 729 1565 quod
746 1491 835 1550 latine
850 1489 931 1548 dicas
949 1483 1078 1547 Florile-

124 1569 217 1643 pium,
234 1586 310 1644 opus
326 1573 372 1628 est
386 1569 414 1626 iu
431 1569 588 1630 duodecim
611 1579 730 1634 menses
752 1572 892 1637 divisum.
910 1586 969 1648 quo
984 1569 1077 1629 couti-

124 1654 232 1710 nentur
247 1647 344 1708 cilicia
366 1667 441 1724 quae
457 1668 511 1728 per
533 1657 631 1712 totum
648 1659 766 1714 'annum
788 1656 817 1713 in
839 1651 959 1712 Domini
980 1652 1076 1711 nostri

124 1728 196 1790 Jesu
218 1728 349 1801 Christi,
374 1730 566 1794 Beatissimae
590 1733 734 1814 Virginis,
750 1741 781 1795 et
795 1735 981 1813 reliquorum
1004 1731 1078 1794 celc-

124 1811 223 1874 brium
239 1809 416 1873 Sanctorum
433 1815 683 1878 sollemnitatibus
696 1816 792 1878 solent
806 1815 970 1878 decantari.
983 1821 1077 1888 Ευχο-
1186 1812 1188 1815 ’

124 1899 238 1976 λογων,
256 1892 488 1972 Euolotopiom,
514 1897 576 1959 sive
598 1891 715 1961 Ritualc
736 1895 922 1960 Graecorum
945 1898 1078 1958 eontinet

124 1975 214 2044 Ritus.
229 1979 261 2035 et
275 1973 403 2036 Ordines
418 1975 535 2040 divinae
550 1977 714 2058 Liturgiae,
730 1981 884 2041 rariorum
899 1978 1076 2040 Officiorum

26 2079 27 2084 ¹
125 2053 489 2128 Ecclesiasticorum,tum
505 2063 806 2126 matutinorumtum
817 2061 1073 2141 vespertinorum,

124 2137 269 2199 formulas
291 2139 566 2210 sacramentorum,
590 2143 791 2222 baptismatis,
808 2148 867 2204 etc.
893 2160 962 2204 cunr
986 2141 1072 2203 bene·

124 2220 303 2282 dictionibus
323 2228 354 2283 et
364 2223 558 2296 orationibus,
572 2225 688 2301 adhaeq
702 2228 834 2301 integras
849 2223 960 2291 Basilii,
977 2221 1075 2302 Chry·

125 2303 259 2369 scotomi,
276 2308 307 2364 et
320 2302 655 2388 Praesaoctificotorum
667 2307 829 2384 Liturgias.
843 2306 1008 2384 Exemplar
1019 2304 1073 2366 hu·

27 2423 28 2432 κ
123 2382 170 2460 jus
185 2377 254 2444 utri
269 2387 404 2446 omnium
421 2387 661 2464 antiquissimum
683 2390 804 2450 videtur
827 2390 900 2450 illud
921 2390 951 2448 in
965 2385 1076 2448 Biblio-

27 2471 28 2528 J
126 2466 213 2526 theca
233 2465 395 2546 Barberina
412 2477 609 2539 asservatum,
623 2472 651 2530 in
674 2472 778 2532 charta
793 2487 985 2550 pergamena,
1002 2487 1074 2546 qua·

27 2553 28 2558 ’
126 2547 218 2608 dratis
242 2548 358 2615 litteris,
382 2555 451 2610 ente
475 2557 638 2629 nongentos
661 2560 692 2615 et
712 2553 814 2630 plures
836 2570 929 2613 annos
951 2561 1074 2616 accura-

126 2630 238 2690 tissime
260 2629 455 2708 descriptum.
469 2631 591 2693 Editum
613 2640 659 2694 est
680 2633 839 2695 aGraecis
854 2633 992 2695 Venetiis
1014 2651 1072 2693 non
1168 2653 1170 2658 ·

127 2711 230 2782 semel,
255 2730 363 2787 nempe
385 2729 462 2772 anno
486 2711 576 2783 tuot,
601 2714 704 2795 1550,
731 2713 820 2783 1570,
847 2715 943 2785 1571,
969 2712 1071 2786 1600,

127 2789 230 2859 1629,
256 2791 347 2854 retu.
377 2791 477 2870 Hujus
498 2804 669 2872 postremae
691 2797 828 2860 editionis
849 2815 955 2859 curam
987 2798 1022 2874 io*
1038 2814 1071 2857 se

27 2929 28 2932 ,
126 2874 256 2952 suscepit
266 2873 510 2954 Theopbylactus
525 2874 800 2946 Hieromouachus,
815 2881 867 2956 qui
883 2878 966 2939 illam
981 2895 1013 2938 se
1027 2896 1073 2940 re·

127 2957 308 3032 cognovisse,
326 2976 342 3018 a
357 2956 483 3026 mendis,
500 2976 577 3035 quae
592 2961 621 3020 in
636 2962 753 3037 priores
768 2961 963 3036 irrepserant,
971 2977 1073 3037 repur-

127 3055 228 3114 gesse,
253 3038 461 3116 nonnullisque
483 3040 668 3102 orationibus
689 3034 808 3103 auxisse
830 3042 986 3118 gloriatur.
1010 3040 1073 3103 Ve-

126 3137 191 3178 rum
207 3122 357 3198 'omnium
380 3121 563 3199 diligentiam
596 3123 684 3201 longe
705 3123 858 3200 superavit
886 3122 919 3185 P.
943 3121 1072 3186 Iacobus

124 3197 204 3262 lloar
226 3201 347 3263 Ordinis
369 3202 641 3276 Praedicatorum,
665 3206 717 3282 qui
743 3205 917 3282 conquisitis
939 3204 1071 3282 undique

126 3283 274 3350 codicibus
296 3289 360 3344 tum
382 3285 468 3346 editis
486 3328 494 3355 ,
518 3291 583 3347 tum
607 3286 827 3362 manuscriptis,
851 3305 955 3348 omnes
977 3285 1071 3365 hujus

28 3429 29 3432 ,
126 3361 301 3444 Eucbologii
322 3365 468 3428 formulas
490 3361 680 3439 elimatos
702 3368 851 3428 recensuit
873 3372 904 3430 et
925 3367 1069 3445 digessit,

28 3459 29 3462 ’
127 3450 272 3518 variantes
300 3445 603 3526 lectionescollegit,
627 3468 686 3510 non
708 3465 819 3527 paucas
841 3451 1016 3517 orationes,
1039 3457 1071 3513 ct

128 3529 236 3608 integra
251 3529 346 3590 ollioia
368 3531 631 3609 er‘manuscriptis
646 3527 840 3607 Eucboloqiis
862 3532 988 3596 addidit,
1005 3548 1070 3590 ver-

128 3611 236 3674 sionem
258 3612 381 3673 latinam
405 3613 569 3696 adornavit,
585 3613 664 3675 notis
684 3613 821 3682 eruditis,
837 3610 940 3690 figuris
955 3612 1068 3682 aeneis,
