2567 4042
438 206 639 279 wildene.

64 334 212 413 triplicem
231 333 452 412 percussionem
467 336 578 415 januac
593 352 663 395 eum
678 333 759 411 virga
772 334 913 412 pastorali
928 352 1012 415 prae·

62 418 168 477 dicatio
191 413 376 495 Evangelica
403 417 588 495 intelligItur.
612 416 691 489 Quid
718 418 797 476 enim
820 418 929 495 virga,
953 416 1011 478 uisi

63 517 159 560 sermo
192 498 339 566 divinus,
369 497 459 577 juxta
491 498 565 561 illud
596 498 693 559 Isaiae
726 496 798 577 Cap.
821 496 869 558 XI
900 494 1012 560 Percn-

61 585 112 643 τίει
132 590 252 641 terram
272 581 385 659 sirpe,
409 579 484 642 idest
505 598 662 650 sermone,
687 582 748 640 oris
768 577 833 640 sni?
846 576 942 657 Virga
956 580 1012 659 igi·

64 671 109 724 tur
128 662 259 742 januam
280 665 440 738 perculere
471 668 517 724 est
542 680 629 724 aures
652 662 837 723 audientium
859 662 1011 740 praedica·

63 746 147 805 tionis
167 761 249 806 noce
271 743 410 821 pulsare3
434 762 522 810 aures
542 746 621 804 euim
644 752 748 821 portae
770 748 839 803 suut
868 760 921 821 per
937 762 1011 823 quas
1059 750 1062 757 ’

62 828 95 887 ad
116 827 211 887 corda
228 826 412 888 audientium
434 835 553 888 sanctae
563 825 793 905 praedicationis
808 825 899 887 verba
916 827 1011 887 intro·

62 909 212 980 ducimus;
239 906 318 970 unde
339 908 369 967 in
384 907 501 969 Psalmo
522 907 659 988 legimus:
688 906 751 983 Qui
766 908 888 968 'centres
908 927 954 967 me
976 907 1012 969 de

58 992 160 1071 portis,
184 1001 222 1050 nt
244 991 421 1051 annuntiem
442 1008 539 1051 cornea
560 989 750 1052 landertun
769 989 1012 1071 inportt‘tfiliae

63 1072 141 1134 Sion.
171 1071 303 1150 Insuper
325 1073 434 1150 triplex
465 1091 535 1134 curn
556 1073 640 1151 virga
663 1072 814 1151 percussio
845 1075 877 1132 et
905 1070 1012 1149 janua·

63 1173 127 1215 rum
150 1156 284 1233 aperitio
305 1154 461 1232 significat,
478 1154 556 1233 quod
572 1173 624 1233 per
641 1153 891 1232 praedicationem
907 1152 1010 1215 Pasto-

63 1253 126 1295 rum
148 1234 290 1298 infideles
311 1236 432 1297 veniant
454 1237 490 1297 ad
518 1234 600 1297 Fidei
622 1252 810 1297 consensum.
827 1233 916 1295 Trina
937 1255 1011 1298 vero

64 1314 272 1392 proclamati0,
296 1316 433 1378 Attollite
449 1329 553 1401 portae
569 1319 723 1399 principes
745 1327 856 1377 cestrae
877 1322 935 1378 etc.
961 1320 1013 1379 tri-

65 1398 171 1475 plicam
194 1398 270 1460 Jesu
292 1400 456 1462 Salvatoris
478 1405 656 1479 potestatem
678 1396 834 1479 significat,
858 1399 1009 1471 videlicet,

66 1497 151 1557 quam
175 1481 274 1541 habet
295 1483 324 1541 iu
346 1480 450 1551 coelo,
475 1482 504 1543 iu
527 1491 628 1553 terra,
652 1484 682 1542 in
705 1480 832 1542 interne.

100 1562 169 1623 VII.
195 1562 286 1625 Circa
301 1563 509 1641 alphabetum,
527 1563 605 1642 quod
617 1564 781 1643 Episcopus
796 1562 826 1621 iu
841 1564 1011 1639 pavimento

65 1642 217 1707 Ecclesiae
241 1648 343 1705 cinere
357 1663 520 1740 conspepso
542 1646 684 1707 describit
699 1662 768 1705 cum
784 1644 895 1706 Baculo
912 1650 1011 1722 paste-

67 1728 128 1798 rali,
145 1731 234 1788 notat
254 1727 417 1789 Menardus
459 1730 511 1788 hm
534 1746 591 1787 nou
613 1727 710 1788 solum
732 1725 823 1787 latine
846 1730 877 1787 et
891 1744 1010 1806 graece,

65 1809 232 1871 sedetiam
257 1810 400 1870 hebraice
442 1810 604 1871 elineatum
625 1809 735 1869 luisse:
753 1806 901 1885 Antiquus
921 1808 1012 1871 Liber

66 1890 328 1953 Sacrameutorum
349 1891 380 1952 S.
397 1890 536 1969 Gregorii
557 1889 672 1968 Papae,
696 1888 867 1952 Pontidcale
889 1890 1012 1969 Egberti

67 1972 265 2035 Eboraceusis
287 1970 425 2052 Episcopi
458 1980 488 2035 et
508 1974 655 2034 Remeuse
678 1974 711 2033 B.
737 1970 850 2033 Martae
883 1974 1011 2050 dupIIcis

67 2060 178 2117 tantum
202 2054 355 2135 alphabeti
377 2054 458 2115 latini
481 2056 693 2115 meminerunt.
718 2051 827 2114 Contra
855 2072 929 2115 vero
956 2054 1011 2116 Re·

67 2154 163 2199 mense
186 2136 222 2197 S.
240 2137 381 2215 Remigii,
400 2144 536 2216 tempore
558 2136 657 2198 Caroli
672 2134 770 2214 Magni
787 2137 943 2213 scriptum,
961 2137 1012 2198 du·

67 2218 129 2297 pler
150 2237 297 2298 graecum
312 2222 500 2297 praescribit.
517 2218 574 2278 Sed
596 2223 625 2279 iu
641 2218 706 2278 alhs
722 2219 920 2279 communiter
936 2216 1012 2277 Pon-

69 2299 228 2362 tificalibus
250 2320 344 2362 unum
359 2295 514 2367 ¹latinum.
538 2300 666 2362 alterum
688 2318 830 2379 graecum
852 2301 1010 2361 advertere

68 2379 142 2443 lieet.
165 2382 262 2454 Olim,
279 2402 348 2445 cnm
369 2384 471 2463 plures
485 2381 624 2462 Episcopi
654 2402 711 2443 nou
733 2383 822 2443 modo
843 2387 878 2445 ut
892 2386 1008 2449 testes,

68 2464 114 2523 sed
136 2471 173 2525 ut
199 2465 393 2543 coadjutores
415 2465 544 2527 ministri
567 2462 841 2527 consecrationibus
862 2444 1012 2527 Ecclesia·

70 2563 131 2605 rum
154 2547 356 2615 interessent,
380 2547 465 2609 illum
487 2547 645 2624 aliquando
667 2553 819 2608 servatum
842 2547 934 2607 ritum
962 2564 1010 2608 re-

70 2628 170 2703 perio,
195 2634 230 2689 ut
251 2646 327 2689 unus
349 2646 513 2705 graecum,
536 2629 612 2690 alter
633 2646 708 2690 vero
730 2628 922 2706 alphabetum
946 2626 1011 2689 lati-

71 2722 135 2768 num
154 2711 188 2774 iu
214 2712 384 2787 pavimento
399 2712 556 2773 scriberet.
580 2712 615 2772 ld
636 2710 757 2788 quidem
779 2714 893 2771 constat
915 2711 944 2771 in
960 2711 1012 2772 de·

71 2787 215 2851 dicatione
235 2790 361 2869 blajorh
381 2792 553 2855 Moriasterii
576 2792 757 2853 Turonensis
782 2792 820 2851 ab
842 2790 961 2852 Urbano
982 2790 1013 2853 11

72 2865 213 2934 Pontifice
226 2875 360 2934 Maximo
382 2874 541 2937 celebrata.
565 2874 724 2936 Sciendum
746 2878 843 2935 autem
860 2880 914 2943 est,
933 2874 1013 2950 qnod
1067 2908 1070 2917 ·

72 2960 132 3027 post
145 2953 332 3033 Remigium,
348 2960 380 3015 et
400 2957 523 3019 Ironem
541 2957 628 3017 docet
643 2956 813 3027 Duraudus,
832 2956 1012 3033 scripturam

72 3051 108 3093 ex
128 3035 263 3100 Graecis·
283 3043 315 3099 et
335 3035 447 3100 Latinis
462 3040 569 3100 litteus
590 3040 619 3097 in
636 3039 758 3099 modum
770 3037 874 3099 Crucis
889 3036 1009 3107 iactam,

75 3125 295 3193 repraesentare
312 3119 396 3180 uobis
413 3121 667 3199 conjunctionem,
683 3140 736 3181 seu
752 3121 893 3181 unionem
909 3119 937 3177 in
954 3118 1013 3181 lide

75 3201 224 3278 utriusque
246 3203 368 3280 populi,
386 3201 491 3264 ludaei
512 3203 652 3265 videlicet
679 3207 710 3265 et
724 3200 846 3264 Gentilis
869 3219 923 3279 per
937 3198 1013 3265 Cru-

74 3294 132 3341 cem
154 3282 266 3346 Christi
288 3284 410 3344 iactam.

109 3362 192 3425 VIII.
215 3364 329 3426 Vinum
352 3366 521 3429 adhibitum
542 3367 569 3426 in
591 3366 812 3431 consecratione
836 3362 1009 3437 Ecclesiae,

76 3443 194 3507 mixtum
216 3465 287 3509 curn
309 3465 408 3535 aqna,
433 3449 494 3511 sale
515 3454 545 3509 et
567 3448 667 3510 cinere
686 3447 749 3526 jam
769 3448 953 3517 benedictis,
977 3449 1012 3508 li-

76 3526 160 3598 quido
190 3534 307 3589 constat
338 3548 375 3591 ex
407 3530 498 3591 [ibro
526 3530 790 3591 sacramentorum
818 3529 850 3591 S.
875 3528 1013 3608 Gregorii

77 3602 183 3688 Papae:
208 3609 342 3685 Der'ndr,
366 3613 481 3690 iuquit,
505 3615 647 3675 miscetur
669 3614 772 3676 otnnrn
794 3630 860 3671 enm
883 3627 968 3692 aque*
985 3620 1014 3672 et
