2567 4042
490 170 716 241 ww&-

127 300 222 358 etiam
243 297 389 366 fautores,
407 301 623 376 receptatores,
647 303 678 360 et
697 297 871 361 defensores
893 300 1025 372 illorum,
1049 319 1085 362 ac

129 381 173 439 eis
194 380 362 440 credentes.
379 378 495 451 Quarto
524 379 688 458 Apostatae
710 382 782 443 ilem
804 383 959 459 sepultura
981 388 1086 444 carent

128 461 341 522 ecclesiastica.
366 459 444 521 llinc
467 462 578 522 merito
599 465 719 524 veteres
741 463 928 535 Christiani,
956 482 1008 526 eos
1031 465 1084 541 qui

128 561 147 602 a
169 541 254 616 Fide,
277 561 369 618 quam
392 544 484 602 semel
508 543 634 620 professi
657 543 786 615 lucrant,
805 545 842 605 ad
856 546 1078 622 Paganismum,

102 685 105 689 ,
127 629 182 685 aut
204 622 391 685 ludaismum
413 625 607 694 deiecissent,
631 624 735 686 infami
757 627 902 687 vocabulo
924 628 1083 704 apostatas

126 705 329 776 nominabant,
354 707 434 782 quod
456 707 568 767 scilicet
590 725 608 767 a
628 704 761 776 Christo,
785 709 833 768 cui
855 707 949 768 semel
972 727 1082 769 nomeu

127 787 284 858 dederam,
308 789 346 847 ad
367 787 531 854 Satanam,
555 806 646 864 quem
670 791 699 848 in
718 790 842 849 vlaracro
863 790 1007 864 Baptismi
1030 789 1083 851 Sa-

126 871 276 932 crosancti
299 869 527 948 abjuraverant,
544 871 751 932 descivissent.
769 870 881 944 Quinto
909 871 1082 932 Schismati-

125 952 165 1011 ci.
182 951 274 1013 Sexta
289 948 561 1017 Fxcommunicati,
577 954 629 1027 qui
660 957 764 1030 utpote
786 953 825 1012 ab
844 953 995 1013 Ecclesiae
1018 966 1089 1026 cor·¹

102 1051 201 1110 ,pore
223 1034 363 1109 praecisi,
386 1035 479 1092 sacris
500 1033 710 1093 membrorum
732 1033 800 1112 ejus
822 1034 986 1110 privilegiis
1008 1033 1084 1094 indi·

53 1139 61 1150 ·
126 1115 175 1192 gni
197 1119 278 1174 sunt.
296 1112 438 1192 Synesius
457 1113 591 1193 Epistola
604 1112 646 1174 83
669 1115 875 1174 Andronicum
899 1113 1084 1191 praelectum

126 1196 269 1274 Aegypti,
294 1193 420 1272 ejusque
441 1195 573 1265 adseclas
594 1196 890 1266 excommunicavit,
915 1196 1081 1272 edixitque,

124 1287 161 1338 at
182 1295 276 1354 neque
296 1279 425 1338 uiuentes
438 1279 515 1357 ipsos
535 1278 713 1344 salutarent,
732 1295 826 1355 aequa
848 1286 978 1338 mortuos
998 1279 1083 1356 sane·

126 1360 174 1419 an·
190 1377 304 1438 pompa
325 1358 514 1419 dcdaccrent.
539 1358 597 1417 Sed
624 1377 663 1418 ex
684 1357 804 1419 Martini
827 1358 854 1418 V
877 1358 963 1419 Bulla
985 1357 1084 1436 sepul·

124 1445 193 1501 tura
208 1440 364 1518 privantur
380 1441 495 1500 nonnisi
511 1440 615 1499 maiori
630 1439 823 1502 anathemate
836 1441 977 1516 perculsi.
990 1439 1084 1516 Septi·

126 1539 178 1580 mo
192 1522 342 1601 demtum,
366 1521 531 1583 interdictis
552 1522 755 1594 nominatim,
779 1529 811 1582 et
831 1523 867 1581 iis
888 1522 940 1597 qui
962 1521 1083 1582 suntin

124 1603 192 1663 loco
214 1604 396 1675 interdicto,
420 1622 457 1665 eo
477 1603 629 1672 durante,
653 1603 719 1664 dari
742 1621 799 1663 nou
820 1607 919 1682 potest
933 1603 1082 1664 ecclesia·

125 1685 199 1746 stica
222 1687 388 1763 sepultura.
585 1709 589 1716 ·
668 1717 675 1744 l
840 1713 843 1722 .

168 1763 224 1826 lll.
248 1765 330 1826 luter
352 1767 426 1827 alios
448 1767 557 1844 quihus
578 1765 783 1828 ecclesiastica
810 1766 944 1844 neganda
974 1770 1083 1828 est-se·

125 1849 259 1926 pultuna,
283 1848 509 1925 suntprolecto
530 1849 604 1909 etii
637 1849 690 1923 qui
713 1849 826 1924 seipsas
858 1848 1020 1916 occidunt,
1051 1853 1083 1908 et

125 1929 249 2006 quidem
272 1930 306 1988 ot
328 1929 582 2010 desperationem,
606 1929 651 1989 cel
673 1927 879 1998 iracundiam,
903 1946 962 1988 non
983 1918 1083 1989 todia

125 2010 152 2070 a·
174 2027 214 2070 ea
233 2010 355 2070 insania
375 2010 556 2072 td-accidat.
571 2005 647 2071 Esse
662 2009 739 2069 hanc
762 2015 965 2086 pervetustum
981 2011 1083 2150 qu'

125 2092 188 2154 siae
210 2091 408 2171 disciplinam,
425 2098 460 2153 ut
481 2093 534 2168 qui
554 2093 611 2152 sibi
632 2089 799 2152 voluntarie
821 2099 950 2154 mortem
968 2109 1022 2151 coa
1041 2093 1082 2151 ci·

124 2181 224 2243 smrut,
236 2174 274 2233 ab
296 2174 498 2234 ecclesiastica
514 2171 676 2250 sepultura
690 2172 939 2243 excluderentur,
957 2173 1079 2250 probari

126 2262 226 2332 posset
247 2273 286 2316 nx
300 2254 466 2316 innumeris
486 2254 717 2333 plaoe'Synadis
744 2271 779 2312 ac
793 2253 974 2315 Ritualibus.
991 2252 1082 2314 Extat

123 2337 155 2396 in
169 2335 302 2399 Concilio
324 2335 528 2398 Oecumenico
542 2335 751 2396 Lateranensis
767 2331 810 2395 lll
831 2334 1012 2395 Caaoalill
1030 2335 1081 2394 ad·

125 2435 234 2480 versus
250 2427 465 2488 torneamenta,
483 2433 562 2494 quae
583 2417 700 2494 species
722 2425 808 2478 erant
822 2417 1004 2485 duellorum,
1018 2417 1081 2492 ple·

126 2516 258 2576 rumque
279 2501 360 2559 euim
382 2501 413 2559 in
428 2501 464 2560 iis
487 2499 625 2560 homines
647 2493 775 2560 interfici
791 2497 990 2576 contingebat.
1007 2499 1081 2558 Pro-

125 2583 238 2660 scripta
259 2581 400 2657 leguntur
421 2582 511 2641 etiam
528 2589 733 2641 torneamenta
755 2581 784 2639 in
799 2579 932 2641 Concilio
946 2582 1081 2640 Romano

125 2661 182 2722 sub
203 2661 377 2723 Innocentio
398 2661 427 2722 ll
449 2659 589 2732 Cao.1l;
607 2668 705 2738 'utque
735 2662 845 2722 iterum
867 2661 1007 2721 damnata
1029 2679 1081 2722 no-

125 2750 251 2805 scuntur
278 2745 307 2802 in
329 2744 469 2804 Remensi
492 2743 612 2822 Synodo
638 2745 695 2803 sub
718 2741 852 2821 Eugenia
875 2741 919 2803 lll
944 2740 1016 2802 Cau.
1042 2742 1082 2804 12

102 2827 157 2884 'et
178 2825 208 2883 in
232 2825 439 2886 llecretalibus
460 2825 516 2886 sub
537 2823 623 2884 titarla
646 2823 682 2884 de
703 2825 925 2885 torneamentis.
954 2822 1081 2884 Taran-

124 2907 235 2966 mealia
255 2907 340 2984 paria
361 2915 432 2968 sunt
452 2905 615 2983 singularia
637 2907 689 2967 illa
711 2908 899 2976 certamina,
929 2923 1007 2981 quae
1027 2905 1082 2968 ho«

125 2986 175 3047 dio
199 2987 301 3048 duello
321 2995 480 3060 vocantur,
504 2990 541 3046 de
564 2986 673 3062 quibus
695 2988 756 3066 agit
770 2987 924 3049 Generalis
943 2985 1082 3065 synodus

126 3066 310 3136 Tridentino,
327 3067 465 3131 sessione
475 3067 578 3129 XXV
600 3066 675 3145 Cap.
692 3067 770 3128 XlX
785 3069 829 3128 De
844 3068 1082 3146 deformandam

124 3152 289 3228 statuitque
310 3151 479 3211 lateralia:
495 3161 529 3212 at
544 3150 597 3230 qni
606 3166 743 3229 paparano
758 3152 968 3216 commiseriat,
986 3159 1014 3209 ct
1028 3149 1082 3227 qai

124 3249 228 3292 eoram
240 3232 361 3310 patrini
380 3243 537 3302 uocantur,
555 3232 879 3300 eccanrmaatcadoata,
896 3251 932 3292 ac
946 3231 1083 3290 omninno
1130 3254 1136 3266 ·

123 3313 268 3374 bonoram
288 3332 410 3374 scaram
427 3313 676 3394 praecriptionim
700 3331 736 3374 ac
756 3321 916 3392 perpetuae
936 3309 1082 3389 infamias

120 3412 251 3474 poenam
271 3395 444 3466 incurrant,
470 3407 496 3456 et
517 3407 551 3456 nt
572 3391 736 3454 lanternae
755 3397 850 3476 juata
872 3411 970 3454 aaaron
984 3393 1081 3480 Cann-

123 3493 177 3537 πω
192 3478 303 3554 panici
323 3476 469 3546 dcimam
491 3485 519 3536 et
539 3476 565 3538 si
584 3477 619 3535 ia
639 3477 703 3554 ipso
724 3475 865 3555 conflicta
880 3473 1077 3545 decretoriae,

123 3566 267 3636 parpetna
286 3567 413 3619 careant
434 3559 630 3620 ecclesiactica
650 3556 820 3697 aelpultara.
837 3553 925 3618 Hanc
946 3573 1076 3634 poenam

124 3638 252 3701 Ritualia
274 3639 385 3716 passim
406 3645 438 3701 et
458 3639 649 3722 synodorum
698 3643 798 3700 cereta
826 3645 998 3710 renovante
1026 3637 1079 3700 sed
