2567 4042
599 203 822 274 midine<-

236 325 360 403 Capite,
388 323 472 400 Quae
497 324 538 384 nd
557 326 669 404 sumre
690 324 854 406 pertinent.
880 323 919 386 Et
939 326 1082 403 quidem,
1105 329 1188 404 quod

237 406 326 467 Missa
349 412 505 484 praesente
528 407 689 476 cadavere,
714 413 873 484 antequam
895 409 992 486 ipsum
1015 408 1189 486 sepulturae

237 489 481 558 demandaretur,
506 507 544 547 ex
566 490 690 566 antiquo
705 486 858 552 Ecclesiae
880 489 1016 552 instituto
1038 489 1185 550 celebrari

239 572 450 640 consueverit,
475 575 602 631 testatur
623 571 772 632 Eusebius
792 571 858 632 lib.
880 569 924 631 lV
948 571 991 631 De
1019 569 1084 633 l'itu
1108 571 1190 633 Con·

236 654 384 724 alentini,
408 653 481 730 Cap.
505 652 555 722 71,
579 654 630 713 ubi
647 654 690 713 ait
704 652 924 730 imperatorem
940 654 1037 732 ipsum
1052 671 1122 714 cum
1139 652 1189 712 Li-

239 736 337 812 turgia
359 735 510 813 sepultum
534 735 637 796 luisse.
660 735 945 796 Luculentissimum
961 736 1072 796 veteris
1094 734 1189 813 hujus

217 817 408 895 'disciptinae
430 821 535 876 testem
558 816 704 879 habemus
726 818 816 878 etiam
839 817 870 878 S.
894 818 1095 895 Augustinum
1117 815 1184 876 Lib.

234 898 277 959 tx
301 897 535 977 confessionum.
560 897 696 976 Longum
717 907 797 961 esset
818 896 1015 959 Corrciliorum
1048 907 1113 959 tum
1134 917 1186 959 ve-

234 987 355 1050 terum,
379 988 444 1041 tum
466 980 630 1043 recentium
653 980 806 1052 Canones‚
832 985 864 1042 et
876 980 1041 1042 Ritualium
1059 979 1123 1040 loea
1139 980 1188 1040 de-

237 1063 392 1132 scribere,
416 1062 524 1138 quibus
556 1063 794 1139 praescribitur,
817 1068 852 1123 ut
879 1061 1065 1125 Sacrificium
1098 1079 1187 1140 prae-

235 1151 319 1205 sente
341 1144 488 1204 cadavere
510 1145 677 1212 olleratnr,
702 1147 820 1206 tametsi
834 1144 991 1207 defunctus
1006 1161 1121 1224 pauper
1135 1145 1184 1207 sit.

276 1223 316 1285 ll.
340 1226 429 1286 Posse
449 1227 480 1284 in
501 1226 607 1293 diebus
630 1228 735 1296 iestis,
760 1233 917 1302 praesente
931 1243 1079 1304 corpore,
1105 1226 1186 1286 cele-

235 1309 316 1368 brari
338 1307 460 1368 Missam
483 1308 645 1369 solemnem
670 1309 707 1370 dc
729 1305 896 1388 Reperiam,
914 1311 1017 1370 statuit
1030 1309 1120 1368 etiam
1137 1306 1187 1367 Sa·

233 1408 285 1450 era
306 1390 426 1452 Rituum
448 1388 644 1469 Congregatio
667 1391 714 1472 die
736 1389 777 1450 23
803 1389 876 1468 Maji
908 1392 975 1451 anni
1001 1388 1079 1450 1608
1101 1387 1182 1466 apud

233 1471 403 1533 Garantum
419 1473 448 1530 in
463 1470 593 1532 biennali
608 1471 847 1550 Episcoporum,
865 1473 958 1534 verbo
974 1470 1079 1538 Missa,
1096 1488 1181 1530 num.

234 1554 274 1614 27
304 1555 354 1616 sed
378 1553 549 1615 conceditur
573 1555 600 1613 id
622 1555 756 1632 quidem,
776 1562 809 1616 ut
831 1557 873 1614 ait
893 1560 1029 1614 nostrum
1051 1552 1182 1620 liburie,

233 1635 305 1700 dum
326 1648 427 1697 tumen
452 1636 660 1698 conventualis
684 1633 797 1706 Missa,
823 1648 848 1698 et
875 1633 977 1718 Officia
999 1634 1103 1695 divina
1124 1651 1183 1692 non

232 1718 458 1798 impediantur,
482 1735 648 1798 rnopnupne
672 1717 731 1776 dici
753 1720 905 1778 celebritas
927 1736 988 1777 non
997 1717 1106 1778 substet.
1128 1715 1188 1775 Lo·

233 1800 337 1876 quitur
359 1800 478 1876 insuper
500 1804 599 1861 textus
614 1800 651 1860 de
666 1817 771 1878 magna
795 1800 853 1860 diei
876 1799 1068 1869 celebritate,
1087 1797 1128 1857 uti
1145 1797 1185 1859 ie·

233 1887 313 1942 stum
335 1881 508 1950 Paschatis,
531 1887 562 1942 et
583 1879 638 1940 alia
663 1882 738 1943 festa
760 1881 888 1958 duplicia
912 1884 1027 1960 primae
1048 1879 1180 1947 Classis,

233 1965 263 2022 in
286 1963 395 2041 quibus
419 1981 473 2024 nec
495 1963 587 2024 etiam
609 1970 765 2041 praesente
789 1965 945 2024 cadavere·
962 1962 1109 2024 celebrari
1132 1980 1185 2039 po-

233 2050 291 2106 test
318 2047 407 2109 Missa
440 2046 583 2108 solemnis
604 2044 845 2115 Defunctornm,
868 2065 903 2106 ex
928 2043 1054 2106 Decreto
1076 2041 1187 2104 Sacrae

232 2126 356 2189 Rituum
368 2124 611 2207 Congregationis
632 2129 713 2189 edito
735 2129 782 2188 die
797 2125 826 2187 V
841 2126 917 2188 lulli.
932 2127 1024 2187 Porro
1044 2128 1183 2201 spectant

232 2212 308 2270 haec
328 2210 365 2270 ad
387 2212 586 2272 recentiorem
602 2206 756 2271 Ecclesiae
783 2209 987 2287 disciplinam
1011 2225 1081 2270 nam
1106 2206 1181 2266 alias

231 2294 317 2372 juxta
340 2293 497 2368 antiquum
513 2290 729 2352 llonaeborum
752 2291 844 2352 ritum
860 2289 950 2352 Missa
965 2289 1182 2350 Defunctorum

224 2380 389 2451 praesente
411 2374 577 2439 cadavere,
601 2389 658 2430 non
675 2371 763 2432 modo
778 2372 940 2433 Dominicis
967 2371 1109 2450 festisque
1124 2369 1183 2429 die

234 2457 310 2525 bns,
336 2456 386 2514 sed
409 2455 438 2513 in
460 2454 676 2516 celebrioribus
704 2455 963 2524 solemnitatibus,
987 2453 1090 2531 quales
1113 2457 1184 2512 sunt

232 2535 367 2603 Natalis,
390 2535 560 2607 Paschatis,
583 2541 613 2595 et
634 2534 846 2608 pentecostes,
863 2536 1015 2614 praedicta
1028 2535 1119 2594 Missa
1135 2551 1185 2593 ce-

233 2619 343 2679 lebrari
364 2619 450 2678 solita
473 2619 540 2680 suit.
558 2615 602 2678 lta
623 2615 759 2678 Marione
781 2619 847 2679 Lib.
864 2615 892 2677 ll
914 2617 956 2678 De
972 2615 1106 2696 antiquis
1121 2611 1186 2674 Mo-

233 2701 399 2760 nuclio‘rnm
427 2700 565 2770 liititrns,
588 2699 660 2776 Cap.
685 2696 737 2759 Vl¹
755 2719 835 2761 num.
861 2697 911 2759 li.
935 2697 1074 2760 Ceterum
1103 2697 1183 2757 sicut¹

233 2781 355 2845 Clericis
376 2801 481 2844 severe
502 2799 621 2859 semper
643 2783 828 2860 prohibitum
857 2780 932 2850 init,
957 2800 994 2841 ne
1023 2795 1115 2856 super
1137 2797 1183 2840 se-

232 2865 385 2944 pultuna,
401 2871 454 2925 aut
475 2863 632 2940 exequiis,
650 2863 753 2923 aliisve
768 2861 914 2924 similibus
930 2864 1019 2925 rebus
1034 2861 1183 2940 paciscan-

233 2954 305 3017 tur,
330 2947 372 3006 ita
394 2963 513 3024 quoque
529 2945 612 3004 laicis
626 2946 750 3006 demum
772 2945 951 3005 inculcatum
967 2944 1032 3012 init,
1050 2961 1087 3004 ne
1105 2943 1178 3020 pias,

183 3081 191 3100 ,
232 3032 264 3088 et
286 3029 469 3096 laudabiles,
493 3045 528 3088 ae
550 3034 685 3107 receptas
707 3027 853 3088 offerendi
883 3024 992 3104 aliquid
1026 3029 1179 3086 connsuetu-

232 3111 316 3171 dines
337 3110 424 3172 facile
447 3110 620 3184 infringant.

272 3192 327 3253 lll.
350 3191 427 3254 Usus
448 3209 607 3252 cereorum
629 3192 660 3251 in
682 3189 836 3252 iuuenibus
863 3190 1072 3250 defunctorum
1107 3186 1180 3246 anti·

232 3275 392 3350 quissimus
413 3280 458 3335 est
477 3274 557 3351 apud
577 3271 771 3342 Christianos.
794 3271 846 3331 lsti
868 3273 949 3334 cerei
973 3270 1178 3332 accenduntur

232 3373 289 3416 non
311 3374 347 3417 ex
370 3356 595 3432 superstitione,
619 3361 654 3416 ut
675 3354 815 3416 eliutiunt
842 3354 977 3415 nonnulli
1010 3349 1174 3415 haeretici,

232 3438 284 3500 sed
306 3439 342 3497 ad
370 3436 596 3516 significandum
628 3438 743 3497 animas
771 3437 893 3506 virere,
917 3441 947 3496 et
967 3434 1176 3498 defunctorum

230 3538 357 3597 corpora
379 3525 597 3584 resurrectura.
611 3517 774 3579 -Praelatcs
795 3517 896 3580 luisse·
908 3515 1060 3592 defunctis
1075 3529 1177 3576 cereos

229 3603 259 3660 in
281 3603 397 3680 signnm
421 3601 567 3679 triumphi
588 3601 627 3660 ob
648 3601 761 3676 peracti
784 3601 909 3660 viriliter
927 3600 1027 3674 agonis
1042 3613 1174 3662 crrrsnm,
1197 3644 1201 3650 .
