2567 4042
622 189 849 261 cmlii&

256 335 426 383 recensere.
444 315 529 379 Fidei
551 317 766 400 professionem
787 318 877 400 juxta
900 321 1029 383 formam
1051 343 1069 384 a
1091 323 1143 386 Pio
1167 325 1204 386 lv

255 401 471 481 praescriptam
505 403 534 460 in
555 401 693 462 Conciliis
715 403 911 463 emittendam
938 406 1061 466 mandat
1089 407 1206 482 quidem

254 488 333 546 iuter
364 482 437 543 alios
464 484 495 542 in
521 500 575 544 sua
605 482 740 544 llomana
769 485 963 547 lateranensi
992 487 1112 566 Synodo
1141 491 1207 548 anni

253 562 454 627 aruccxxv
475 565 655 627 Benedictus
684 565 759 628 Xlll
782 565 841 627 Tit.
865 564 879 627 l
901 568 945 629 Da
967 587 1084 630 somma
1111 566 1209 629 Trim-

251 641 312 709 rotc
335 659 363 709 et
382 643 456 706 lide
481 646 647 708 corbolien.
669 647 743 726 Cap.
768 647 792 708 l.

295 729 363 791 Vll.
387 726 527 808 synodali
549 729 714 792 celebritati
747 732 882 791 triduum
912 732 1006 792 reteri
1035 734 1095 794 ritu
1124 750 1206 808 prae·

254 814 390 874 stitutum
413 828 489 879 esse,
501 809 532 870 S.
549 808 676 872 Carolus
700 814 727 871 in
744 810 878 888 Concilio
894 813 1070 873 Provinciali
1092 813 1205 874 Medio-

255 893 366 954 lanensi
388 891 430 952 lV
453 895 529 970 part.
555 892 574 951 3
601 893 752 954 clllrmat:
778 900 808 954 et
829 893 1001 955 Pontificale
1024 893 1203 962 Romanum,

253 974 355 1038 Titulo
378 973 413 1037 dc
435 973 541 1033 ordine
564 973 784 1056 crispandum,
808 977 903 1037 tribus
925 975 1108 1038 sessionibus
1129 976 1207 1038 illam

251 1056 366 1117 absolvi
381 1055 491 1125 solere,
509 1057 562 1126 ait,
580 1058 720 1132 quamvis
742 1059 901 1135 utrobique
924 1057 1063 1126 addatur,
1082 1057 1125 1118 las
1139 1075 1204 1119 esse

250 1137 420 1216 Episcopo,
446 1154 501 1213 pro
525 1154 627 1197 rerum
661 1139 862 1214 gerendarum
887 1143 1029 1206 ratione,
1050 1139 1207 1218 synodum

250 1223 327 1282 ultra
350 1220 484 1281 triduum
508 1219 696 1296 protrahere.
722 1220 800 1294 Quid
824 1227 926 1284 autem
956 1217 1081 1298 singulis
1102 1221 1208 1282 diebus

250 1303 399 1382 agendum
416 1303 464 1370 sit,
483 1306 617 1361 nostrum
634 1302 693 1362 erit
714 1303 764 1362 lric
781 1321 942 1382 exponere.
968 1301 1075 1364 Prdmc
1088 1302 1137 1363 die
1156 1300 1209 1382 Sp-

249 1381 621 1460 mci··1³0no·pcsonno
650 1393 738 1442 m'cnc
763 1385 897 1464 Coppom
923 1383 1051 1444 indotos
1078 1387 1115 1444 ab
1143 1387 1216 1450 und,

247 1485 331 1527 verso
352 1466 440 1529 Clero
463 1484 530 1523 cum
552 1466 769 1544 superpelliccis
791 1467 958 1541 comitales,
982 1465 1021 1525 cd
1042 1463 1207 1526 Ecclesiam

243 1552 370 1628 perpit3
394 1557 529 1632 perator
554 1547 590 1604 in
610 1547 705 1616 aeder
733 1549 859 1609 celebrat
881 1547 1004 1609 Missam
1031 1543 1067 1606 dc
1090 1547 1207 1628 Spiritu

248 1629 381 1698 Scorto,
406 1639 432 1688 et
452 1627 570 1706 praebet
592 1627 682 1690 Clero
704 1627 735 1691 S.
763 1629 985 1692 Comcnioucm.
1010 1629 1113 1690 Verba
1136 1635 1205 1689 sunt

193 1772 196 1777 ,
246 1709 428 1772 Pontificalis
450 1708 589 1768 Romani:
613 1709 783 1788 eodemque
805 1711 876 1779 ritu,
894 1716 960 1790 post
983 1711 1120 1771 ultimam
1144 1727 1204 1770 ses·
1266 1765 1267 1792 ,

247 1794 374 1862 sionem,
391 1792 539 1870 praecipit
555 1791 737 1870 Episcopum
759 1811 776 1853 a
791 1791 880 1852 Clero
895 1794 1116 1861 associandum,
1134 1809 1204 1854 cum

246 1874 284 1934 ab
299 1871 433 1934 Ecclesia
455 1891 487 1934 se
501 1872 633 1934 >domum
655 1874 770 1952 recipit.
788 1873 948 1936 Praeterea
970 1875 1060 1936 debet
1082 1875 1205 1952 Episco-

246 1973 302 2034 pus
317 1953 440 2016 Missam
458 1954 555 2015 lacere
568 1955 607 2014 de
622 1955 735 2034 Spiritu
750 1955 870 2026 Sancto,
888 1961 919 2018 et
941 1958 1096 2038 porrigere
1118 1953 1204 2017 Clero
1265 2011 1266 2014 ,

244 2035 377 2098 muctam
399 2036 675 2106 Communioncm,
702 2055 791 2115 quam
814 2039 945 2116 acceptis
966 2041 1051 2100 stolis
1072 2037 1200 2100 rubeis.
1265 2089 1266 2100 ι

245 2120 336 2181 etiam
352 2117 533 2182 Sacerdotes
554 2123 687 2186 sument,
704 2120 755 2196 qui
777 2119 854 2181 lorte
876 2137 910 2181 ea
927 2120 974 2179 die
998 2139 1055 2181 nou
1071 2119 1204 2181 celebra-

244 2203 355 2263 verint.
377 2199 516 2263 Secunda
538 2199 650 2278 Synodi
673 2199 732 2265 die.
757 2217 823 2261 mos
844 2207 909 2276 cst,
934 2201 1030 2278 inquit
1050 2199 1203 2264 (lavamus

205 2348 208 2354 ,
243 2281 288 2345 lle
304 2283 422 2363 Synodo
440 2282 620 2342 Dioccercoc
642 2281 759 2359 pam
781 2280 900 2342 Sessd
923 2301 1006 2343 num.
1030 2281 1051 2342 ἢ
1073 2291 1106 2344 ut
1125 2299 1203 2344 unus
1264 2309 1265 2326 ι

243 2383 279 2426 ex
302 2360 459 2427 Canonicis
480 2363 606 2422 Missam
627 2364 803 2424 solemniter
825 2365 916 2424 iaciat
943 2381 997 2440 pro
1020 2363 1197 2430 Defunctis,

244 2448 292 2508 cui
316 2445 483 2524 Episcopus
506 2445 635 2512 assistat,
659 2463 761 2524 eaque·
776 2453 917 2524 peracta,
948 2445 1059 2508 Stolam
1082 2453 1113 2508 et
1136 2444 1200 2506 l’lu·

208 2583 211 2586 ,
243 2528 322 2588 viale
344 2529 421 2607 nigri
443 2525 551 2587 coloris
573 2528 708 2597 assumit,
726 2534 757 2588 et
777 2534 934 2588 consuetas
955 2529 1103 2589 orationes
1125 2529 1201 2587 reci-

243 2616 287 2672 tat
309 2627 363 2686 pro
385 2607 563 2674 Deluncds,
588 2615 655 2684 post
676 2626 769 2684 quas,
792 2614 892 2670 restes
915 2610 1014 2685 nigras
1037 2611 1066 2670 in
1090 2610 1200 2669 rubeas
1263 2641 1264 2690 3

242 2695 350 2759 mutat,
374 2696 406 2751 ct
426 2696 549 2764 accepto
571 2687 717 2750 Pastorali
740 2689 863 2758 Baculo,
877 2691 914 2752 ad
937 2691 1045 2751 Sedem
1066 2690 1201 2770 Synoda·
1248 2690 1264 2718 ⁸¹

242 2773 301 2834 lem
324 2774 469 2834 ascendit.
493 2770 595 2831 Tertia
617 2770 741 2831 demum
764 2772 813 2830 dic
841 2789 918 2833 unus
940 2774 1055 2852 pariter
1081 2789 1120 2834 ex
1144 2769 1198 2833 Ca·

239 2855 354 2916 penicis
375 2854 496 2916 Missam
520 2851 654 2913 celebrat
681 2853 721 2913 dc
740 2849 1125 2920 SanctissimaTriuitate,
1153 2853 1198 2914 ad·

240 2935 301 2998 dita
322 2934 454 2998 Collecta
480 2936 509 2995 in
531 2936 699 3010 gratiarum
724 2937 874 2996 actionem
895 2957 902 2994 :
925 2935 1091 3015 Episcopus
1119 2940 1197 2996 astat

241 3017 361 3086 indutus
388 3016 469 3080 Stola
492 3023 523 3076 et
542 3014 668 3076 Pluviali
695 3016 758 3076 albi·
778 3016 897 3078 color'is.
921 3017 1014 3078 Missa
1036 3018 1195 3082 resopita,

240 3102 336 3160 rubea
358 3101 467 3178 accipit
489 3097 674 3168 indumenta,
692 3098 729 3158 ad
748 3104 922 3160 cousuetam
945 3100 1047 3160 sedem
1071 3115 1108 3160 se·
1127 3113 1197 3159 oon-

241 3179 323 3248 iert,
348 3181 472 3247 ultimae
493 3180 619 3240 sessioni
642 3179 810 3258 praesidet,
835 3185 866 3242 et
887 3179 1117 3259 Synodofinem
1140 3181 1193 3240 im·

241 3264 335 3340 p'ouit.
433 3281 438 3287 ’
491 3297 495 3304 -
594 3286 599 3293 ’
704 3289 706 3296 ’
1007 3281 1021 3304 .·

282 3342 367 3405 vm.
391 3342 488 3405 Vetus
506 3340 684 3402 'institutum
703 3347 758 3416 cst,
784 3348 818 3404 ut
832 3344 1006 3422 Episcopus
1023 3346 1053 3404 in
1075 3340 1193 3423 Synodo

240 3423 325 3485 brcvi
352 3426 496 3504 gravique
518 3426 659 3487 sermone
681 3423 803 3499 Clarum
826 3425 1022 3506 alloquatur,
1047 3432 1078 3487 et
1100 3425 1137 3485 ds
1159 3425 1191 3483 iis

238 3506 409 3575 admoneat,
426 3519 505 3583 quae·
527 3507 556 3564 ln
577 3505 629 3565 illo
642 3505 821 3584 corrigenda
835 3506 1091 3585 deprehenderit;
1114 3505 1191 3583 quod

239 3588 344 3650 sallem
366 3589 395 3648 iu
418 3592 571 3666 postrema
598 3587 731 3648 sessione
752 3590 874 3649 omnino
900 3585 966 3650 sieri
989 3589 1116 3651 voluere
1138 3586 1188 3647 Pa·
1235 3602 1247 3635 ι
