2567 4042
483 215 707 286 appamiae

122 347 240 421 mnibus
260 345 406 424 penninos
421 343 522 404 sordes
532 347 661 425 precati,
680 361 755 424 qaae
767 363 825 424 par
840 363 950 424 aquam
966 356 994 406 at
1009 347 1072 430 Spi-

121 430 216 490 sitam
236 428 318 489 allai
340 426 485 488 deberent.
499 425 677 506 Cyprianus,
701 433 731 487 et
753 444 830 502 quae
852 429 907 488 sub
931 428 1072 506 ipsoCar-

122 510 318 593 thaginiensis
339 508 476 589 synodus
498 509 601 570 lrabita
621 513 675 578 est,
700 509 820 569 omnino
842 529 895 587 pro
917 509 1070 574 Paedoba-

120 594 231 672 ptismo
253 591 443 653 dimicarunt.
459 590 536 652 Cum
558 593 639 652 enim
662 590 794 650 nonnulli
817 609 855 650 ex
869 593 1072 656 circumcisio

120 677 167 737 nis
189 677 255 754 lege
269 679 376 734 oetavo
397 673 445 733 die
459 672 639 750 baptismum
661 673 875 734 eonferendum
898 692 965 736 esse
981 677 1070 739 doee-

111 761 213 827 rent,
242 762 306 817 turn
328 756 416 832 ipse,
440 760 503 815 tum
527 754 635 833 reliqui
657 754 767 834 Synodi
790 753 894 816 Patres
915 755 1070 821 Ecclesiae

121 838 367 900 consuetudinem
389 837 497 905 secuti,
514 837 765 914 eam'opinionem
788 837 1009 914 improbarunt.
1024 839 1069 902 Er

120 940 181 1000 quo
202 939 273 982 sane
294 923 401 998 patet,
429 917 521 980 veluti
548 937 655 978 novam
684 917 828 997 rejectam
850 919 944 1000 luisse
966 927 1069 986 eorum

120 1003 318 1071 sententiam,
342 1001 392 1077 qui
413 1002 554 1078 parvulos
569 1000 697 1062 delinito
719 1001 849 1079 quodam
873 1007 1009 1081 tempore
1031 1008 1067 1066 ad

119 1087 301 1160 baptismum
324 1083 439 1144 admitti
462 1083 693 1145 arbitrabantur.
1051 1109 1053 1112 ·

160 1166 201 1226 ll.
226 1166 257 1228 S.
280 1165 408 1226 Ioannes
430 1165 662 1244 Chrysoslomus
677 1162 812 1225 Humilia
835 1167 875 1225 ad
891 1165 1068 1248 Neophytos:

119 1247 188 1311 Hae
210 1247 244 1307 da
265 1265 366 1314 eausa,
390 1247 498 1324 inquit,
522 1247 611 1306 otiam
632 1246 798 1326 infantulos
819 1249 1017 1328 baptizamus,
1035 1263 1069 1312 at

119 1350 180 1390 oea
199 1331 259 1391 siat
280 1330 469 1409 coinquinati
485 1338 619 1408 peceato,
636 1339 670 1388 at
692 1330 731 1388 eis
753 1327 889 1390 addolor
910 1335 1064 1398 sanctitas,

114 1413 249 1494 iustitia,
272 1411 403 1488 adoptio,
419 1409 595 1479 baereditas,
611 1411 790 1488 fraternitas
809 1410 934 1480 Christi,
951 1423 987 1472 ot
1003 1417 1066 1492 ejas

117 1497 249 1556 membra
269 1496 329 1555 siat
343 1505 450 1561 amors,
471 1502 506 1553 at
520 1491 650 1571 Spiritus
662 1491 807 1552 dubitatio
819 1493 883 1574 fiat.
897 1492 943 1554 Ex
955 1495 986 1555 S.
999 1495 1068 1558 Hie-

117 1595 245 1656 ronymo
260 1577 338 1637 idem
354 1574 494 1652 colligere
510 1572 588 1643 lieet,
597 1573 731 1652 Epistola
747 1574 782 1634 ad
799 1574 933 1648 Laetam,
953 1579 1004 1638 ubi
1019 1597 1069 1639 eos

119 1661 241 1720 sceleris
254 1657 364 1737 arguit,
373 1657 426 1733 qui
436 1653 679 1718 Christianorum
691 1656 1011 1736 inlantibusBaplisma
1025 1680 1069 1722 re-

119 1743 299 1802 cusaverint.
312 1737 351 1800 Et
366 1741 396 1797 in
410 1737 469 1800 line
484 1737 567 1798 Libri
589 1741 671 1800 tertii
693 1744 796 1799 eontra
811 1737 996 1820 Pelagianos,
1020 1744 1069 1803 ad-

118 1825 209 1885 ducto
225 1822 366 1901 Cypriani
381 1821 550 1881 testimonio
563 1839 602 1880 ex
617 1818 750 1899 Epistola
766 1821 801 1881 ad
818 1819 934 1896 Fidem,
953 1826 1068 1886 conclu·

118 1907 162 1966 dit
176 1903 370 1986 baptizandos
386 1922 442 1964 assa
461 1902 602 1979 infantes,
615 1922 675 1962 nea
685 1905 782 1962 solam.
792 1905 826 1962 ia
840 1902 976 1983 Repetam
999 1905 1070 1968 Gaa-

118 1991 225 2059 laam,
238 1993 275 2048 ut
294 1985 469 2047 asserebant
482 1984 643 2063 Pelagiani,
658 1982 708 2044 sad
720 1986 812 2044 etiam
821 1986 855 2044 in
866 1989 1068 2048 remissionem

114 2081 315 2153 precatorum,
332 2067 471 2128 videlieet
482 2067 598 2145 peceati
608 2065 770 2142 originalis.
780 2065 984 2140 Quamobrem
998 2069 1068 2145 jure

118 2154 245 2232 quodam
261 2169 316 2212 suo
328 2149 468 2228 parvulos
490 2149 656 2225 baptizandi
678 2165 795 2208 morem
810 2151 969 2229 antiquam
984 2147 1069 2212 Fidei

117 2237 253 2316 rapulam
268 2233 398 2312 appellat
408 2229 594 2308 Augustinus
608 2230 704 2292 sarm.
719 2226 884 2292 CLXXIV.
898 2231 985 2306 Quod
1001 2235 1069 2310 qui·
1161 2285 1163 2289 ,

118 2319 186 2381 dem
208 2316 285 2378 adeo
304 2321 499 2383 rerum-est,
523 2317 560 2374 ut
578 2313 632 2390 ipsi
653 2311 825 2390 Pelagiani,
850 2316 958 2391 quibus
980 2315 1067 2392 origi-

117 2400 185 2464 nale
206 2403 365 2478 peoeatum
387 2394 545 2456 eliminare
566 2395 687 2473 placuit,
706 2400 890 2458 constantem
913 2414 948 2456 aa
971 2398 1065 2458 mani-

116 2483 224 2545 festam
240 2476 414 2559 bujusmodi
431 2477 622 2537 traditionem
637 2476 756 2538 diffiteri
781 2480 845 2540 ausi
862 2497 920 2539 non
936 2478 1005 2540 sint.
1018 2479 1068 2540 ln·

112 2583 208 2642 super
231 2565 269 2625 ab
290 2559 502 2638 antiquissimis
529 2559 715 2636 temporibus
737 2559 862 2621 infantes
892 2561 966 2620 eitra
987 2562 1067 2622 vitae

117 2647 286 2720 perieulum
301 2643 465 2722 baptizatos
479 2641 584 2710 luisse,
602 2641 760 2724 adstruunt
780 2644 869 2702 eliam
886 2642 1067 2704 christianae

116 2728 339 2802 Inscriptiones.
364 2721 523 2784 Aebilliam
545 2719 737 2801 Neophytam
769 2725 856 2786 utrius
880 2725 950 2785 anni
983 2723 1069 2786 men-

116 2811 194 2886 sium
216 2808 245 2867 V
267 2809 402 2867 invenias
432 2805 462 2864 in
490 2804 648 2865 Muratorii
669 2799 823 2865 Thesauro
854 2824 885 2883 p.
912 2803 1002 2866 1819.
1032 2806 1066 2867 ln

114 2891 222 2954 Museo
236 2889 403 2953 Veronensi
425 2905 455 2964 p.
470 2885 531 2947 180
545 2885 582 2959 Q.
596 2884 845 2947 VlMleTlVM
861 2885 1066 2949 NEOFlTUbl

117 2973 295 3035 offendimus
316 2973 367 3048 qui
383 2969 459 3028 vixit
472 2969 541 3029 anni
556 2968 589 3028 P.
603 2968 647 3028 M.
661 2966 700 3028 V.
713 2965 771 3029 'sen
786 2968 853 3047 plus
868 2972 967 3031 minus
982 2971 1067 3047 quin-

117 3063 187 3133 que.
205 3054 316 3118 Confer
331 3051 510 3119 Victoriam,
527 3053 561 3110 ia'
581 3068 704 3111 namma
725 3059 813 3110 aereo
833 3061 968 3112 aeteram
990 3052 1068 3112 ellri-

116 3141 285 3198 stionoram
303 3143 387 3213 port.
401 3133 428 3193 ll
443 3133 516 3210 Cap.
536 3135 586 3202 173
603 3137 634 3193 et
650 3129 838 3204 Fabrettum,
857 3133 1066 3211 inscript-tonas

120 3218 294 3280 domesticae
316 3217 389 3294 Cap.
412 3215 485 3276 Vlll
508 3235 537 3274 n.
561 3215 612 3273 70.
658 3225 661 3232 '
703 3225 704 3228 ’
866 3223 870 3228 ·
