2567 4042
607 147 813 223 mii&-

234 280 283 340 lus
304 296 379 340 vere
400 277 512 341 Contus
532 279 614 359 apud
635 272 801 340 'l'urrinum
824 278 861 360 in·
877 270 1048 338 ntrtcuuo
1073 273 1192 359 Suerift

235 362 372 421 castium
392 360 464 442 Cap.
490 362 507 420 1
530 378 548 421 a
571 362 681 425 Cerere
703 360 970 443 Caereuroniarntn
1003 376 1113 419 nemen
1142 358 1194 419 dn·

234 443 301 513 eit,
322 445 409 520 quasi
431 443 551 505 Cereris
572 446 700 516 munia,
724 445 788 503 sive
809 444 914 513 donar
937 440 1008 519 qnia
1029 441 1196 517 antiquitus

235 524 368 602 primae.
385 526 574 595 oblationes,
599 543 677 602 quae
706 526 845 604 proiecto
867 527 936 587 sunt
957 522 1192 593 Caeremuniae‚

234 604 339 668 Cereri
366 624 405 667 ex
431 608 573 685 primitiis
603 607 728 685 frugum
761 604 883 667 fiebant.
907 604 1039 666 Isidorus
1060 604 1127 664 Lu).
1152 600 1195 665 tt

234 685 495 768 Etpmelopiurum
516 688 590 767 Cap.
605 690 726 749 ultimo:
743 688 953 754 Caeremonr'us
976 686 1059 765 apud
1072 683 1198 747 latinos

234 768 384 830 dicuntur
404 770 494 831 sacru
513 772 635 837 emnia,
661 788 737 851 quae
768 768 851 848 apud
874 767 1004 831 Gruettu
1029 766 1127 847 Orpiu
1146 782 1197 827 uo·

235 860 358 912 eantur.
382 850 524 912 Nonnulli
538 853 665 913 averbo
675 850 837 913 Hebraico
854 850 979 920 atterens,
1003 851 1084 927 qued
1105 848 1196 927 signi·

224 931 308 994 ucat
329 933 492 1004 devovere,
517 952 697 995 consecrare
718 934 794 1005 Deo,
812 938 843 993 et
863 948 880 991 a
902 934 1133 1009 communiusu
1149 948 1197 991 se·

234 1032 357 1091 parare.
377 1014 441 1075 nus
462 1018 594 1093 denique
616 1033 634 1075 a
655 1016 750 1077 verbo
773 1032 882 1095 graeco
897 1034 1013 1093 χαιρειν
1028 1057 1036 1085 ,
1052 1012 1134 1091 quod
1150 1030 1196 1072 sa·

235 1096 306 1156 lutis
328 1098 387 1157 sint
408 1113 498 1158 causa
520 1098 568 1157 vet
585 1098 621 1156 ad
638 1098 766 1158 satutem
783 1100 928 1175 spectent.
945 1094 1041 1175 Super
1057 1094 1195 1173 ejusaem

235 1177 365 1239 nominis
392 1186 514 1259 etymon
537 1179 587 1239 aiii
609 1185 893 1259 quoqueauetores
925 1179 1194 1255 conscripseruntt

234 1261 415 1339 praesertim
435 1278 509 1323 vero
530 1262 612 1321 omni
635 1260 724 1320 laude
746 1259 1004 1322 commendandus
1025 1256 1194 1320 Cardina'tis

234 1340 342 1413 Bona,
359 1340 448 1403 Libro
464 1344 500 1403 de
514 1342 629 1403 Divina
645 1340 819 1403 Psalmodiu
831 1360 900 1421 rap.
920 1342 970 1401 19.
982 1338 1018 1404 i.
1037 1339 1082 1412 3.;
1100 1339 1196 1399 Fran·

235 1424 335 1507 eiseus
356 1424 495 1501 Magius,
518 1426 549 1484 in
565 1441 620 1484 suo
634 1442 727 1501 opere
743 1425 780 1484 de
797 1424 917 1485 Divinis
931 1420 1035 1507 efficite
1050 1432 1079 1483 st
1096 1422 1197 1485 Cheru

235 1522 343 1583 opusc.
360 1506 544 1583 2disquisit.
565 1505 594 1565 1.
612 1504 717 1567 Sedet
738 1507 834 1567 videri
855 1511 981 1584 possunt
1001 1503 1146 1575 Pitiseus,
1163 1503 1194 1563 in

234 1585 367 1648 Lexicon
382 1584 610 1667 Antiquitatum
621 1580 845 1657 Romanarum
866 1604 921 1647 nec
937 1604 994 1646 non
1016 1584 1152 1647 Maurius
1166 1586 1198 1644 in

234 1685 292 1729 suo
303 1667 756 1732 ffieroleoeicoV.Caerern0nia.
772 1668 906 1731 Hebraei
921 1668 1061 1729 ridentur
1077 1666 1195 1729 nullum

234 1749 349 1813 habere
386 1752 543 1829 preprium
569 1750 839 1813 Caerirnoniarurn-
852 1751 1054 1819 vocabulum,
1084 1754 1197 1810 vocant

233 1833 316 1894 enirn
331 1851 391 1893 nun
405 1834 494 1894 aliter
508 1850 600 1919 quarn
616 1830 767 1901 Houcttin,
781 1833 899 1914 seilicet
910 1833 1040 1894 Decreta
1054 1836 1084 1892 et
1102 1827 1194 1892 uate

235 1912 299 1983 dut,
314 1914 404 1993 'quasi
426 1915 509 1975 dieas
529 1914 724 1975 sanctitatem
745 1918 777 1975 et
805 1915 920 1975 tultum
936 1914 1092 1974 'diuinum
1117 1912 1195 1973 ltern

234 1993 346 2057 Graeci
368 2014 425 2056 non
448 1997 620 2059 habueruut
633 1997 816 2057 -distineturn
839 2012 961 2068 nornen,
975 1994 1026 2053 se'd
1047 1998 1195 2055 vocarunt

234 2092 483 2157 αρυσταγματα,
507 2079 945 2158 tuestpraeapte-inperat,
968 2076 1047 2137 idest
1067 2076 1196 2136 suttune.

234 2159 313 2224 Sunt
333 2166 433 2222 tamen
456 2160 671 2224 Caeremoniae
688 2166 779 2221 actus
800 2161 914 2221 externi
928 2158 1091 2234 Religionis
1102 2166 1117 2228 ‚'
1127 2157 1196 2234 qui·

234 2243 293 2305 nus
314 2244 399 2319 quasi
422 2243 513 2321 signis
532 2243 685 2302 excitatur
706 2241 824 2302 animus
846 2241 883 2301 ad
905 2257 1009 2302 rerum
1037 2255 1194 2299 sacrarunt

234 2324 473 2387 venerationem.
608 2345 610 2350 ·
653 2324 656 2329 '
1028 2334 1032 2341 ”
1156 2332 1185 2357 -’

118 2429 125 2434 ·
242 2452 246 2461 .
265 2404 318 2467 ·11.
330 2404 442 2465 Variae
456 2407 645 2483 assignantur
660 2404 698 2464 ab
713 2402 841 2465 eruditis
855 2401 1122 2465 caeremoniarum
1136 2401 1198 2461 uti·

235 2484 464 2551 iitates.'Prima
485 2488 600 2547 utititas
620 2492 668 2547 est
684 2528 692 2557 ‚
717 2486 797 2563 quo'd
813 2483 1028 2547 Caerernoniae
1044 2484 1129 2543 nubis
1143 2482 1196 2543 de·

236 2570 353 2633 elarant
366 2585 487 2629 sensum
501 2566 656 2630 Ecclesiae
671 2582 763 2645 quem
778 2583 880 2645 saepe,
894 2568 950 2628 nisi
965 2565 1111 2629 beneficio
1121 2560 1197 2626 Cae·

237 2651 469 2719 romanianum,
493 2668 552 2711 nun
574 2649 822 2727 intettigerernus.

275 2732 414 2793 Secunda
435 2731 551 2793 utititas
568 2738 635 2803 est,
659 2730 740 2806 quod
761 2727 976 2791 Caerenroniae
1012 2730 1070 2789 sint
1090 2728 1199 2789 chara-

237 2822 347 2885 cteres,
372 2814 483 2892 quibus
504 2812 660 2879 christiani
682 2829 699 2872 a
724 2812 833 2873 esteris
855 2813 1079 2889 dignoscuntur.

237 2984 311 3041 vent
324 2974 516 3039 exercentem
533 2983 564 3037 et
576 2981 774 3053 spectantem.
792 2976 844 3035 sed
860 2976 950 3036 etiam
966 2976 1065 3037 Deum
1080 2974 1195 3051 ipsum.

279 2895 383 2957 Tertia
398 2896 512 2956 utititas
525 2900 583 2967 est,
599 2892 681 2972 quod
696 2891 914 2955 Caererneuiae
927 2908 984 2953 nen
1001 2898 1118 2954 tanturn
1129 2907 1199 2951 mu·
1256 2896 1257 2907 ¹

238 3059 327 3134 Qron
349 3066 453 3120 autem
475 3058 579 3119 Deum.
597 3055 845 3131 nevernensis
867 3056 965 3118 studio
986 3063 1017 3118 et
1038 3057 1106 3115 data
1129 3070 1200 3132 ope·

238 3159 274 3203 ra
301 3141 398 3201 votuit
418 3141 571 3220 explicare
583 3138 684 3200 and.
697 3134 1007 3218 CapsXVllpquum
1020 3136 1200 3217 Moyserna-

237 3238 297 3285 nus
308 3222 442 3301 erigente
462 3223 594 3284 victores
603 3220 756 3283 israelitas
770 3219 928 3281 efficiebat.
945 3219 1025 3293 Quid
1044 3221 1128 3281 enirn
1150 3236 1201 3280 re·
1256 3232 1257 3279 t

237 3302 362 3367 terebat
374 3309 410 3365 ut
421 3306 541 3385 Moyses
554 3320 662 3365 manus
685 3301 871 3365 errtotterett⁴
890 3306 921 3363 et
942 3306 1043 3365 umen
1064 3300 1093 3362 id
1116 3296 1201 3362 Deus
1256 3316 1257 3393 p

239 3390 280 3449 ab
293 3382 330 3449 se'
345 3388 456 3465 exegit,
478 3383 678 3448 attenuisse
692 3385 849 3445 vincerent
863 3382 999 3445 Arnaieca
1055 3395 1058 3401 ’

220 3529 224 3537 ,
279 3470 393 3544 Quarta
425 3469 627 3536 militasset,
655 3466 734 3544 quod
760 3464 1119 3527 caeremoniaemovent
1144 3480 1202 3525 nos
1256 3452 1257 3529 ἶ

240 3552 277 3613 ad
292 3553 453 3632 *pietaten
