2567 4042
516 243 521 250 ’
584 216 808 290 *Wu-

217 344 316 404 eturni
337 346 429 406 additi
452 348 558 408 tuere:
583 349 792 409 difficillimum
815 351 914 408 tamen
940 353 988 408 est
1010 343 1104 424 hujus
1125 345 1176 407 aris

218 426 375 490 ditamauti
396 430 517 489 exordia
531 431 750 499 demonstrare,
774 448 843 490 eum
857 429 1029 490 Amatarius
1049 428 1117 489 Lib.
1133 426 1176 489 tv

219 503 328 583 Cape
348 509 462 579 decem,
486 517 518 588 et
538 520 606 574 octo
627 512 813 573 Psalmo'rum
837 514 1018 582 meminerit,
1041 511 1094 586 qui
1118 511 1178 570 Do·
1261 554 1262 557 ,

219 590 349 657 miniois,
373 593 458 653 sicuti
472 594 647 664 hodienum,
673 595 889 655 recitabantur.
914 594 959 653 Ad
976 592 1094 674 Laudes
1116 591 1176 654 Ro·

221 689 289 731 mae
301 671 407 734 Psalmi
422 676 566 737 Dominus
578 675 737 754 Repaaoit,
747 673 886 744 iubilate,
895 674 974 735 Deus
982 676 1066 736 =Dees
1079 692 1175 744 meos,

221 759 253 814 et
266 752 346 814 Deus
367 757 544 818 miserentur
566 759 674 829 nostri,
690 756 783 835 *unico
800 757 906 820 Gloria
922 755 1011 818 Petri
1033 758 1176 816 termina·
1261 804 1262 809 ,

222 835 343 896 bantur.
360 834 496 901 Psaimus
511 836 680 901 Benedicite
696 843 760 901 siue
778 839 886 902 Gloria
901 835 1001 907 Patri,
1019 839 1114 898 ceteri
1129 855 1176 899 ve·
1261 834 1262 841 '

222 936 257 978 ro
279 919 335 978 sub
359 939 416 980 una
440 917 809 1000 Antiphoua'dieebantur
830 939 899 981 oum
915 917 1059 1001 Atlrtejo.
1077 917 1180 981 Prima
1261 944 1262 947 ¹

222 1001 324 1077 piures
339 1003 509 1076 continebat
529 1001 680 1071 Psalmos,
703 1005 754 1081 qui
778 1005 807 1062 in
822 1005 953 1078 quinque
971 1003 1178 1062 hebdomadae

222 1083 286 1141 dies
308 1089 378 1142 sunt
393 1084 543 1146 distributi
559 1105 567 1156 ;
590 1087 743 1147 Psalmum
762 1085 950 1164 confitemini
971 1090 1096 1162 propter
1111 1102 1179 1144 rer·
1261 1140 1262 1151 ,

223 1164 351 1225 sieuium
367 1163 450 1226 Horo
466 1167 549 1236 dies,
572 1171 624 1246 qui
646 1169 683 1227 ad
707 1167 893 1226 Dominioam
916 1164 1072 1233 retertur,
1097 1165 1180 1227 iestis
1261 1200 1262 1213 .

223 1246 330 1306 diebus
351 1248 534 1310 dicebatur.
1005 1302 1008 1308 .
1125 1290 1128 1297 .

265 1328 320 1412 lii.
345 1327 518 1392 Dominieaa
543 1333 618 1392 aliae
634 1330 790 1410 majores,
813 1331 888 1390 aiiae
912 1329 1055 1390 minores.
1079 1329 1181 1408 Majo·
1261 1400 1262 1409 χ

225 1429 274 1471 res
296 1411 448 1472 habentur
468 1413 554 1482 ittae,
583 1417 611 1474 iu
634 1415 742 1491 quibus
764 1412 922 1488 praecipua
943 1409 1127 1480 Creationis,
1151 1415 1182 1473 esst
1261 1474 1262 1477 Ἴ

224 1491 449 1569 Redemptiouis
481 1497 625 1575 Mysteria
648 1496 848 1561 recolunturr
877 1494 1020 1552 nimirum
1037 1491 1181 1553 Domini·
1261 1488 1262 1495 '

223 1593 277 1636 eae
292 1575 457 1646 Adventus,
482 1583 512 1638 et
528 1595 605 1654 quae
619 1581 783 1637 oeenrruut
804 1594 820 1634 a
835 1574 1061 1652 septuagesima
1081 1591 1181 1652 usqne

223 1657 261 1716 ad
286 1657 470 1726 itominieam
493 1662 521 1718 in
544 1659 627 1719 Athis
650 1659 817 1722 inclusive,
842 1656 1015 1719 Dominioae
1037 1655 1181 1721 Penteeo
1261 1660 1262 1663 ’

179 1769 181 1774 ·
226 1747 286 1798 stes
309 1745 340 1799 et
353 1737 563 1802 Sanctissimae
587 1740 753 1801 Trinitatis.
777 1737 911 1800 Minores
932 1740 1015 1807 vern,
1038 1741 1104 1800 sire
1126 1755 1183 1816 por
1261 1772 1262 1809 t

225 1836 336 1880 annum
359 1829 427 1884 sunt
446 1824 601 1900 retiquae,
625 1842 703 1900 qnae
725 1840 779 1898 per
801 1827 896 1882 totum
918 1822 987 1880 anui
1016 1821 1181 1881 decursum

225 1911 401 1965 occurrunt.
425 1903 542 1964 Rursus
557 1904 730 1966 Domiuieae
751 1904 885 1983 majores
907 1905 936 1962 in
952 1903 1025 1963 duas
1040 1903 1180 1964 dividun-

226 1990 277 2044 tur
299 1983 430 2067 Ciasses3
455 2004 533 2062 quae
555 1993 658 2048 autom
673 1989 786 2066 primae
798 1985 911 2047 tltassis
932 1990 1011 2050 sunt,
1037 1983 1110 2046 nulii
1125 1982 1182 2044 Fe·
1261 2004 1262 2067 ᾗ

224 2071 272 2126 sto
293 2068 427 2140 cedunt3
460 2068 587 2146 ideoque
609 2086 762 2146 uunquam
786 2068 964 2144 omittuntur
979 2111 997 2144 ,ι
1016 2069 1061 2126 uti
1082 2068 1181 2144 prima
1261 2100 1262 2139 3

226 2147 393 2221 Adventus,
418 2151 513 2228 prima
527 2151 793 2229 Quadragesimee,
817 2147 975 2219 Passionis,
991 2148 1181 2214 Patmarnm,
1261 2158 1262 2231 t

226 2227 370 2298 Paschae,
394 2235 423 2292 iu
440 2231 534 2301 Athis,
553 2232 753 2302 Pentecostes,
778 2239 810 2292 et
822 2229 989 2291 Trinitatis.
1001 2228 1180 2290 -Dominieae
1261 2238 1262 2291 i

226 2329 351 2388 qrroquo
361 2313 511 2376 secundae
527 2315 634 2376 Ctnssis
650 2333 708 2375 non
724 2316 916 2380 omittuntur,
932 2313 1179 2382 nisioecurrente
1261 2316 1262 2323 ’

227 2391 356 2454 Patrono
381 2395 555 2473 principaii,
580 2398 626 2457 vei
650 2396 776 2456 Tituiari
799 2393 962 2457 Ecclesiae,
976 2400 1017 2454 ‚et
1034 2394 1176 2473 ejusdem
1261 2446 1262 2463 ,

227 2473 443 2548 liedioatioue3
469 2485 500 2538 et
522 2486 590 2539 tuno
613 2480 650 2538 de
672 2480 707 2538 iis
729 2490 849 2554 semper
869 2475 904 2552 fit
925 2475 1179 2542 Commemoratis.
1261 2476 1262 2531 t

227 2558 256 2615 in
279 2561 414 2636 utrisque
436 2559 579 2638 Vesperis
603 2566 633 2619 et
655 2560 817 2627 Laudibus.
833 2555 1021 2637 Hujusmodi
1042 2566 1112 2618 sunt
1125 2558 1178 2618 Se·

227 2639 335 2706 cunda,
359 2642 468 2712 Tertia,
493 2649 523 2701 et
547 2642 661 2716 Quarta
681 2643 847 2703 Adventus.
861 2641 1031 2713 Domiuieae
1052 2637 1177 2718 Septua-

223 2723 369 2800 gesimae,
393 2723 610 2802 sexagesimae,
635 2723 920 2801 Quinquagesima'e,
938 2721 1086 2790 Secunda,
1104 2722 1177 2782 Ter·
1261 2730 1262 2753 ¹

227 2803 292 2871 tia,
317 2810 347 2864 et
376 2806 488 2886 Quarta
515 2805 782 2883 Quadragesimae.
814 2803 1177 2879 Ulteriue'hipartiontur
1261 2802 1262 2829 ³

227 2885 402 2954 ltonriuioae
425 2891 453 2947 iu
483 2889 624 2948 Vecoutes
646 2893 677 2948 et
698 2906 757 2946 uon
779 2885 929 2946 Vernantes.
956 2884 999 2946 lte
1023 2886 1080 2945 iitis
1102 2886 1178 2948 nihii
1261 2900 1262 2947 3

223 2969 395 3027 omnino‘srt
410 2971 439 3029 iu
456 2971 553 3030 officio
570 2970 718 3029 curreutis
733 2969 804 3038 diei,
827 2970 869 3028 uti
886 2968 1177 3046 contingitunondo
1261 3034 1262 3045 2

140 3079 142 3084 ·
225 3048 347 3110 Festum
371 3049 549 3120 Nativitatis,
572 3057 624 3110 aut
646 3050 900 3118 Circumcisiouis‚
923 3058 975 3110 aut
995 3048 1176 3126 Epiphaniae
1261 3128 1262 3131 Ἴ

226 3130 358 3203 Domini,
376 3137 422 3194 vet
440 3130 538 3212 Festa,
555 3140 609 3194 aut
622 3128 755 3192 Oetarae
769 3132 799 3193 S.
818 3131 972 3210 Stephani,
990 3133 1038 3195 ret
1052 3131 1085 3191 S.
1098 3131 1178 3192 ioan·
1261 3152 1262 3207 f

224 3214 272 3272 uis
287 3213 433 3292 Apostoii.
458 3221 509 3275 aut
531 3210 747 3284 innocentium,
772 3215 819 3274 vei
835 3215 967 3289 deniqne
986 3213 1095 3290 Vigitia
1109 3215 1177 3291 tipi-
1261 3218 1262 3233 ¹

225 3293 356 3378 phariae¹
373 3299 406 3355 in
422 3298 608 3357 Dominioam
627 3297 772 3357 incidunt.
796 3293 865 3355 Non
881 3307 1020 3356 nocentes
1041 3296 1176 3356 dicuntur

225 3375 309 3444 iliae,
334 3395 412 3453 quae
434 3382 480 3439 vet
497 3383 592 3440 totum
614 3378 767 3443 Officium,
790 3377 838 3437 rei
860 3379 967 3438 saitem
989 3378 1176 3438 Commemo·
1261 3450 1262 3455 η

226 3455 386 3540 rationem,
410 3465 447 3519 et·
456 3460 623 3520 tectionem
640 3458 794 3537 Evangelii
817 3459 854 3520 de
869 3477 923 3521 suo
938 3458 1044 3522 officio·
1055 3461 1172 3521 habent.
1261 3468 1262 3471 ’

226 3536 355 3614 iusuper
378 3541 579 3602 adnotandum
602 3542 772 3604 Dominioas
794 3541 945 3621 Maiores,
969 3560 1099 3619 quarum
1125 3560 1174 3603 su·

228 3619 329 3698 perias
352 3624 534 3687 mentionem
548 3623 686 3695 fecimus,
710 3628 836 3704 primae,
861 3624 909 3686 rei
927 3625 1076 3693 secundae
1097 3623 1175 3686 otas-
