2567 4042
596 211 819 282 waleue-

228 349 416 405 cramentnm
439 339 680 402 Confirmatiouis
710 359 763 418 per
786 333 955 420 B'rrlgariam
978 343 1182 404 administras-

227 445 281 497 se,
307 426 388 485 misit
409 425 481 484 illuc
502 423 627 484 Paulum
651 422 924 501 populoniensem,
948 431 979 486 et
1001 424 1181 487 Formosum

226 510 423 570 Porluens'em
439 506 613 584 Episcopos,
631 505 759 580 Legatos
781 520 862 574 suos,
887 507 937 583 qui
952 525 1056 568 omnes
1073 509 1183 584 bulga-

229 609 277 652 ros
300 609 316 650 a
339 589 497 666 praedictis
520 587 711 666 Presbyteris
740 588 868 648 inaniter
890 588 1103 656 confirmatos,
1128 593 1184 650 ite·

227 691 294 733 rurn
319 689 404 731 sacro
419 668 589 730 Chrismate
613 671 669 729 rite
691 670 859 746 signarent:
883 671 961 747 quod
979 678 1094 740 constat
1115 673 1181 732 tum

225 773 263 816 ex
280 752 411 830 Epistola
435 751 532 812 Photii
556 751 592 810 ad
615 770 720 813 omnes
742 749 906 828 Episcopos
920 751 1105 820 orientales,
1132 754 1183 813 ubi

225 839 262 898 de
286 835 343 895 hoc
367 835 445 894 lacto
467 833 575 894 acerbe
597 834 804 909 conqueritur,
829 840 892 894 tum
908 853 954 907 ex,
967 836 1100 914 Epistola
1115 834 1184 896 ide-

225 917 382 996 trophanis
403 914 613 991 Metropolitae
641 913 843 994 smyrnensis.
879 917 989 978 Adhuc
1012 920 1103 978 etiam
1130 935 1185 977 ex-

225 1001 359 1078 pressius
380 997 545 1076 praelatam
569 997 815 1056 consuetudinem
839 998 1010 1060 damnatam
1034 998 1119 1077 ajunt
1146 1000 1185 1062 ab

224 1082 397 1143 innocentio
415 1078 456 1139 iil
480 1079 508 1136 in
524 1075 595 1156 Cap.
613 1076 740 1154 Quarto.
758 1078 859 1151 Quare
875 1081 996 1157 quidem
1014 1082 1183 1142 innocentii

226 1163 269 1232 llt
292 1161 472 1222 decretalem
501 1160 726 1220 corroboratam
750 1161 853 1221 dicunt
873 1164 910 1222 ab
933 1163 1104 1224 innocentio
1127 1163 1180 1223 tv.

225 1243 395 1306 Nicolausl
417 1245 527 1304 iterum
544 1242 689 1319 Bulgaros
705 1245 871 1320 consignari
889 1246 994 1316 voluit,
1019 1246 1088 1323 qpia
1104 1246 1184 1307 Con·

225 1328 425 1388 firmationem
451 1331 627 1400 receperant
650 1341 664 1382 a
683 1324 904 1396 Sacerdotibus
923 1328 973 1402 uui
990 1326 1088 1387 Photii
1103 1346 1183 1388 erro·

225 1429 258 1473 re
274 1414 362 1472 eraht
385 1407 737 1468 imbuti.Contendebant
760 1408 879 1484 insnpc'r
900 1408 1037 1469 Photiani
1054 1410 1096 1468 ilii
1111 1409 1184 1470 Pre-

225 1494 350 1572 sbyteri,
375 1489 455 1549 nullo
477 1489 651 1565 Scripturae
673 1490 855 1560 testimonio,
882 1491 1000 1551 nullave
1022 1492 1088 1570 lege
1110 1510 1182 1552 con·

225 1581 306 1636 stare
329 1575 407 1634 solos
422 1569 585 1647 Episcopos
600 1570 766 1629 ordinarios
782 1590 848 1632 esse
863 1570 1104 1633 Coniirmalionis
1124 1575 1180 1633 mi-

225 1659 344 1726 nistros3
360 1657 450 1729 alque
463 1653 592 1711 odicium
611 1651 683 1711 illud
701 1652 764 1727 pari
780 1651 848 1730 jure
864 1671 1024 1716 commune
1040 1673 1103 1715 esse
1115 1652 1182 1718 tum

224 1736 423 1816 Presbyteris,
441 1740 502 1794 turn
520 1731 686 1810 Episcopis.
708 1733 816 1794 Merito
838 1735 981 1796 Nicolaus
1005 1737 1018 1796 1
1040 1737 1183 1798 indicarit

188 1813 197 1832 '
226 1819 337 1879 nullam
364 1834 429 1878 esse
452 1814 737 1886 Confirmationem,
767 1835 856 1894 quam
882 1815 991 1878 Graeci
1007 1817 1183 1898 Presbyteri

224 1907 377 1976 tamquam
395 1899 514 1976 proprio
536 1901 567 1957 et
582 1898 734 1958 ordinario
746 1898 815 1976 jure
838 1900 1064 1973 dispensabant;
1090 1901 1182 1960 maxi·
1263 1906 1264 1975 l

224 1989 273 2046 nie
286 1985 314 2042 in
327 2001 360 2043 ea
378 1981 509 2058 regione,
525 1981 551 2038 in
566 1997 622 2054 qna
638 1979 711 2040 nihii
724 1981 909 2042 auctoritatis
925 2001 959 2040 ac
969 1980 1183 2059 jurisdictionis

224 2066 375 2126 habebant
389 2061 508 2122 Graeci.
533 2060 672 2142 bulgaria
695 2063 864 2138 pertinebat
885 2064 923 2122 ad
937 2063 1180 2125 Patriarchatum
1263 2108 1264 2141 3

223 2146 458 2211 occidentalem,
476 2143 554 2219 quod
577 2142 713 2218 pluribus
734 2146 862 2204 ostendit
877 2143 1064 2221 Christianus
1080 2147 1183 2222 Lupus
1263 2150 1264 2183 r

229 2227 303 2313 Opp.
327 2233 401 2289 tom.
418 2225 449 2284 Ξ.
472 2243 540 2302 pag.
562 2221 751 2284 riuturni!
775 2226 915 2287 obturbat
930 2226 1121 2288 innocentius
1136 2225 1183 2287 lii
1263 2230 1264 2235 ’

223 2309 341 2390 Capiti
356 2320 415 2368 eo't.
430 2305 464 2364 dr
479 2304 698 2368 Consuetudine
715 2307 764 2372 ubi
782 2307 898 2368 inhibet
911 2311 1044 2370 omnibus
1056 2308 1182 2388 Presby-

225 2397 299 2454 teris
310 2389 392 2469 opud
406 2388 670 2463 Coslouta'nopdlm
686 2389 953 2458 conscientiarum
965 2403 1114 2470 posterum
1127 2391 1184 2452 Sa-

153 2541 156 2560 ,
224 2482 410 2536 crumentum
425 2468 1182 2550 Confirrnotr'onisfidctr'boscachibcunt.ltauuippe
1263 2504 1264 2511 ,

225 2557 317 2618 habet
339 2555 452 2630 integra
470 2549 635 2611 Decretalis
658 2552 734 2628 apud
756 2553 912 2613 Ralrrzium
937 2555 1041 2615 vtomi
1065 2553 1185 2631 Epero-
1263 2562 1264 2617 ζ

224 2642 256 2698 lo
277 2636 444 2698 innocentii
458 2632 515 2694 ΙΙΙ
534 2651 599 2710 pag,
618 2631 683 2692 480
705 2635 756 2699 ubi
780 2635 888 2709 legitur
910 2639 1043 2696 omuibus
1064 2633 1179 2695 bucinis
1263 2668 1264 2695 r

225 2720 428 2798 presbyteris3
453 2715 651 2794 Raymundus
673 2721 774 2786 autem
797 2717 827 2774 in
843 2717 1054 2794 compilatione
1070 2716 1182 2777 Decre·
1263 2764 1264 2781 ,

225 2801 329 2862 talium
363 2803 400 2856 rt
423 2795 539 2859 Luticia
561 2797 671 2855 omisit.
707 2794 786 2858 Hinc
818 2815 850 2856 se
871 2800 983 2859 exserit
1013 2799 1179 2860 innocentii

226 2901 318 2943 ruens.
338 2879 486 2942 Nimirum
510 2881 533 2938 is
555 2879 733 2955 consignare
757 2881 909 2940 interdicit
931 2879 1041 2942 Latinis
1064 2888 1182 2945 tantum

224 2965 414 3042 Presbyteris
442 2961 519 3038 apud
543 2958 663 3020 CPolim
690 2961 888 3022 morantibus.
912 2961 1020 3035 Quum,
1041 2963 1123 3023 enim
1144 2981 1181 3022 eo

224 3055 360 3124 tempore
384 3044 456 3106 urbs
476 3041 633 3122 CPolitana
656 3041 842 3110 Francorum
865 3044 993 3122 imperio
1015 3045 1178 3113 subesset,

224 3127 348 3207 ejusque
363 3125 537 3187 Patriarcha
559 3131 685 3185 venetus
702 3131 792 3193 esset,
809 3144 845 3185 ex
869 3122 992 3186 Francis
1014 3134 1044 3186 et
1059 3125 1181 3188 Venetis

226 3211 329 3272 incolis
351 3226 487 3285 magnam
505 3212 620 3284 partem
637 3207 802 3269 constabat.
820 3206 916 3268 Latini
932 3215 1035 3269 autem
1053 3206 1182 3287 Presby·
1263 3230 1264 3239 ¹

225 3294 293 3364 teri,
317 3289 572 3366 Constantinopoli
595 3288 758 3364 degentes,
783 3286 971 3350 Graecorum
996 3306 1080 3351 more
1102 3289 1181 3351 Cou-
1263 3332 1264 3347 ,

225 3373 425 3435 firmationem
449 3371 659 3432 administrare
682 3374 868 3451 coeperunt3
892 3389 982 3448 quem
1005 3369 1178 3434 Latinorum

226 3456 420 3517 Sacerdotum
442 3452 572 3513 'abusum
588 3449 704 3512 retudit
724 3450 925 3519 innocentius,
948 3454 1042 3529 iisque
1058 3471 1179 3530 praeee-
1263 3460 1264 3511 l

227 3539 290 3614 pit,
325 3541 359 3596 ut
380 3535 503 3596 [atinae
525 3531 680 3593 Ecclesiae
701 3535 960 3606 ,consuetudinem
993 3535 1176 3602 observent,

226 3637 280 3680 nec
302 3635 391 3696 agere
415 3622 628 3694 praesumant,
653 3614 733 3690 quod
755 3615 825 3676 solis
847 3613 972 3676 Graecis
993 3614 1178 3695 Presbyteris
