2567 4042
480 186 704 259 *psalmistae

110 327 178 393 qna
199 315 348 397 omittam,
366 316 505 394 sequitur
527 322 559 379 et
579 318 609 377 in
631 316 762 378 Romani
783 314 981 378 sacerdotalis
995 314 1067 377 Par·

114 403 144 459 te
158 396 189 458 II
210 401 278 476 post
299 398 537 459 benedictionem
560 400 627 467 loci,
644 398 818 461 Benedictio
834 398 940 461 domus
955 416 1062 469 novae,

114 480 209 621 pariis
231 496 302 541 sane
321 482 483 559 precibus,
508 482 715 554 orationibus,
740 482 996 558 caeremoniisque
1017 496 1065 543 re'·

127 565 207 623 erta.
491 590 496 597 ·

153 641 196 707 V.
220 640 323 705 Fuisse
338 645 493 721 antiquum
524 663 581 705 non
596 644 687 716 modo
703 644 836 714 Latinae,
849 643 901 705 sed
917 648 947 705 et
961 642 1066 705 Orien·

111 724 183 785 talis
203 722 357 787 Ecclesiae
378 743 476 797 usum,
493 730 528 787 ut
549 728 632 787 naris
654 727 800 805 peculiari
822 728 954 787 oratione
974 726 1065 797 bene·

113 805 275 875 diceretur,
298 807 385 868 dooet
406 825 458 869 nos
481 804 704 886 Euchologium
725 806 927 876 Graecorum,
952 808 981 867 iu
1004 825 1063 885 quo

110 888 224 967 legItur
244 886 347 951 Oratio
367 890 401 949 iu
422 892 496 951 nani
511 890 739 971 compiapcada.
760 889 808 950 Ad
830 890 954 950 latinum
970 890 1063 951 ritum

109 970 209 1048 quod·
223 976 361 1049 spectat,
386 974 566 1049 quamquam
595 973 625 1033 in
648 974 782 1034 Romano
804 970 914 1034 RItuali
947 976 978 1033 et
999 972 1064 1049 ipsa

112 1070 210 1113 norae
242 1054 325 1113 navis
346 1054 544 1122 Benedictio,
569 1054 657 1115 sicuti
687 1062 717 1131 et
739 1056 838 1132 piures
867 1051 941 1115 aliae
974 1056 1063 1115 unica

106 1134 248 1196 oratione
263 1136 459 1205 contineatur,
476 1136 506 1195 iu
521 1134 711 1198 Sacerdototi
734 1142 834 1196 tamen
856 1136 936 1197 edito
959 1135 995 1195 ab
1012 1134 1064 1195 Al-

112 1215 203 1277 berto
225 1215 416 1286 castellano,
440 1216 560 1278 Ordinis
581 1216 827 1279 PraedIcatorum
849 1219 939 1278 variis
961 1224 1066 1280 caerc-'

110 1299 232 1367 monile
255 1298 391 1368 Paeimis,
415 1296 568 1368 Precibus,
592 1298 796 1367 Orationibus,
818 1307 909 1376 atque
931 1298 1063 1379 Evange-

106 1379 159 1442 liis
176 1380 286 1441 referta
301 1388 356 1443 est.
371 1380 491 1443 Virtute
507 1380 639 1459 bujusce
653 1382 873 1443 BenedictionIs
889 1382 1060 1461 navigantes

106 1462 222 1541 gratias
243 1468 475 1542 consequuntur,
492 1480 565 1540 quas
587 1460 723 1525 Ecclesia
746 1466 775 1523 in
796 1462 938 1536 Oratione
960 1469 1061 1540 postu·

107 1545 162 1605 lat.
194 1543 333 1617 Quarum
353 1547 450 1624 prima
470 1551 517 1606 est
539 1545 639 1605 divina
661 1544 809 1625 protectio
832 1545 1059 1623 navigantium,

103 1626 220 1703 quibus
246 1626 328 1687 Deus
349 1626 474 1705 porrigit
504 1626 686 1701 dexteram,
710 1629 788 1689 sicut
814 1628 946 1705 porrexit
974 1624 1060 1688 l’etro

102 1724 201 1787 super
228 1724 312 1769 mare
334 1708 509 1771 ambulanti.
540 1708 678 1770 Secunda
700 1714 745 1789 est
777 1707 910 1769 custodia
931 1706 1060 1787 Angelo-

106 1806 198 1859 rum,
221 1791 306 1850 utin
329 1791 364 1851 ils
385 1791 527 1851 orationis
548 1792 661 1852 verbis:
687 1788 774 1852 Mitte
799 1786 945 1850 &uotum
964 1788 1061 1870 Auge-

102 1870 173 1931 lum
194 1881 280 1933 tuum
302 1870 337 1931 dc
358 1875 445 1933 caelis
467 1878 527 1933 cte.
551 1872 651 1934 Tertia
674 1878 720 1933 est
751 1874 951 1950 navigantium
979 1874 1060 1933 salus

101 1958 136 2015 et
160 1954 361 2023 incolumitas,
378 1971 473 2032 usque
495 1955 567 2016 dum
582 1954 761 2033 perveniant
782 1954 968 2030 adoptatum
991 1966 1060 2031 por-

104 2041 171 2097 trrm
194 2052 265 2097 cum
286 2037 367 2095 omni
382 2035 502 2115 gaudio,
519 2036 660 2113 perfectis
673 2035 798 2113 negotiis
813 2036 963 2096 omnibus,
980 2034 1059 2097 Crar-

100 2134 176 2179 cem
198 2119 387 2179 consuevisse
409 2119 438 2177 io
460 2119 585 2180 navibus
607 2111 747 2178 collocari
777 2123 914 2178 testatur·
930 2117 959 2175 iu
982 2114 1057 2177 Ora·

102 2201 204 2261 tiobe:
234 2197 320 2275 Quod
345 2198 481 2261 Christus
501 2199 539 2260 sit
560 2197 651 2271 Deus,
674 2199 706 2260 S.
731 2197 859 2260 Joannes
879 2198 1060 2277 Chrysosto-

103 2298 197 2349 mus,
224 2280 360 2351 Crucem,
385 2282 489 2359 iuquil,
512 2282 621 2360 ubique
644 2282 743 2344 cidara
765 2281 830 2341 licat
851 2283 886 2341 iu
908 2282 999 2347 mari,
1023 2281 1059 2340 ira

98 2364 254 2441 manipiis,
277 2363 310 2423 iu
330 2363 447 2424 insulis.
472 2360 609 2425 Meminit
630 2370 661 2425 et
684 2362 751 2442 ejus
775 2363 850 2424 ritus
873 2360 902 2422 S.
930 2360 1059 2441 Ambro-

97 2445 167 2507 sius
189 2446 219 2504 in
242 2443 396 2505 Psalmum
409 2442 537 2506 XLVII.
557 2444 682 2506 Praeter
698 2442 827 2511 Crucem
850 2445 919 2521 poni
941 2444 1013 2503 olim
1028 2440 1058 2503 iu

102 2526 232 2602 navigIIs
260 2526 402 2597 solitam,
427 2527 539 2587 locatas
568 2528 598 2588 in
619 2528 734 2589 eisdem
766 2525 857 2587 luisse
879 2523 1059 2587 Sanctorum

64 2646 70 2655 .
100 2607 254 2685 imagines
275 2612 401 2669 testatur
423 2609 499 2669 inter
521 2609 596 2669 alios
616 2608 806 2687 Nicephorus
828 2606 978 2677 Callistus,

144 2689 203 2751 VI.
227 2686 305 2750 Usus
319 2689 511 2751 benedicendi
529 2691 630 2769 truges
646 2709 699 2752 scu
715 2696 831 2769 segetes
845 2688 944 2750 adhuc
960 2689 1056 2748 viren-

101 2776 159 2843 tes,
175 2771 308 2849 itemque
330 2790 417 2850 agros
430 2777 462 2833 et
476 2772 579 2833 vineas
595 2772 736 2833 dicendus
752 2776 798 2831 est
814 2770 1052 2848 antiquissimus.

100 2853 350 2916 BenedIctionem
366 2870 511 2931 novarum
528 2854 651 2932 lrugum
667 2851 732 2914 srcri
756 2854 921 2931 antiquitus
937 2852 1055 2912 solitam

98 2936 196 2998 luisse
219 2935 249 2995 in
270 2936 397 2997 solemni
412 2927 505 2995 Missa
518 2934 719 3011 ascensionis,
732 2940 860 2997 testatur
875 2932 1011 2993 Marteue
1027 2931 1055 2991 in

99 3016 221 3086 Libro:
247 3014 281 3076 de
303 3018 429 3096 antiqua
450 3014 595 3077 &clauae
617 3017 776 3097 disciplina
796 3019 831 3078 iu
852 3015 961 3075 diuinis
982 2999 1055 3072 ccic-

96 3099 229 3161 draadis
255 3095 376 3181 Officiis,
398 3097 501 3177 Capite
515 3097 656 3160 XXVIII
679 3117 744 3176 pag.
769 3097 840 3158 538.
858 3094 942 3157 llaec
965 3096 1055 3177 bene—

100 3180 195 3241 dictio
210 3179 303 3240 fiebat
323 3181 381 3240 hac
397 3182 583 3259 praescripta
596 3180 751 3242 Oratione:
768 3176 900 3239 Benedic
917 3178 1052 3249 Damius,

101 3270 129 3323 ct
151 3263 203 3321 laos
224 3262 474 3341 (morasmoras,
499 3280 569 3341 quos
591 3273 625 3323 tu
646 3260 773 3322 Domine
795 3259 830 3320 dc
852 3272 921 3319 rora
945 3258 1052 3327 Casti,

97 3350 132 3403 ct
153 3342 352 3404 inundatione
363 3343 540 3421 pluviarum
554 3342 595 3402 ad
609 3344 816 3403 maturitatem
827 3340 988 3422 perducere
1008 3338 1055 3401 di·

98 3435 212 3503 quotus
233 3444 273 3495 cs,
291 3422 332 3484 ad
348 3423 587 3505 percipiendum,
599 3425 680 3485 nobis
703 3443 771 3483 cum
792 3424 965 3502 gratiarum
983 3435 1054 3498 par·

101 3509 242 3584 ceptione.
266 3506 306 3567 In
333 3508 452 3568 aomina
474 3504 599 3566 Domini
626 3506 723 3571 narni
743 3502 816 3565 Jasu
841 3504 964 3567 Christi.
994 3500 1053 3561 Por

99 3604 192 3666 quem
210 3590 281 3651 tace
310 3591 411 3650 omnia
432 3586 557 3648 Domina
578 3604 693 3665 semper
718 3589 794 3646 baua
815 3603 896 3651 orcas
917 3591 976 3644 ete.
1005 3582 1054 3643 la·
