2567 4042
596 191 657 254 σε»
682 179 822 249 tuten-

232 327 306 372 rero
319 306 434 370 Cruces
456 309 487 367 in
508 315 646 385 quatuor·
660 307 772 369 Altaris
794 306 933 369 cornibus
956 314 1183 382 repraesentare

178 427 181 431 -
234 391 282 451 1.⁰
303 389 536 469 quadruplicem
555 390 758 461 charitatem,
782 405 873 464 quam
896 388 926 447 hi
949 387 1000 461 qui
1022 388 1059 450 ad
1082 388 1187 454 Altare

233 471 401 542 accedunt,
423 472 537 534 babere
559 472 692 541 debent;
715 470 831 531 scilicet
864 477 898 535 nt
917 467 1040 545 diligant
1061 470 1180 540 Deum,

161 591 165 595 -
232 556 373 630 seipsos,
397 556 511 615 amicos
543 560 575 614 et
604 553 754 613 inimicos.
777 548 826 609 2⁰
847 548 935 623 Quod
968 548 1104 611 Salvator
1132 570 1185 631 per
1262 595 1267 636 3

233 635 361 701 Crucem
382 641 513 711 quatuor
533 634 637 697 mnndi
650 640 759 711 partes
781 632 918 692 salvavit.
943 629 992 691 3.⁰
1006 630 1094 705 Quod
1117 651 1185 709 qna·

234 723 304 778 tuor
325 716 423 775 modis
443 714 572 777 Crucem
594 714 713 776 Domini
731 718 857 796 portare
879 712 1048 782 debemus,
1072 714 1184 775 scilicet
1266 784 1267 787 Ἴ

234 799 264 859 in
286 798 388 858 corde·
401 814 455 874 per
476 798 730 864 meditationem,
754 796 782 856 in
805 810 857 853 ore
879 811 933 871 per
955 792 1183 863 consessionem,
1265 822 1267 869 3

234 880 264 938 in
287 897 413 956 corpore
435 896 488 955 per
509 881 607 939 carnis
629 876 900 957 mortificationem,
913 875 953 955 'in
976 874 1051 937 facie
1074 895 1130 955 per
1145 895 1185 937 as·
1268 920 1269 923 κ

234 960 349 1020 siduam
373 960 611 1036 impressionem.

276 1040 317 1101 ll.
334 1039 507 1118 Episcopus
529 1047 685 1118 praeterea
707 1040 817 1116 septies
831 1037 939 1097 Altare
959 1038 1136 1110 circumeat,
1154 1041 1186 1099 il·
1264 1102 1269 1113 ,η

233 1121 347 1198 lndque
369 1138 439 1181 cum
455 1122 585 1200 hyssopo
607 1125 745 1199 aspergat
766 1124 882 1195 septem
904 1118 1033 1189 vicibus,
1051 1119 1185 1181 canendo
1264 1118 1265 1121 ’

234 1202 456 1280 Antiphonem,
479 1200 622 1283 Aspcrpes
642 1221 690 1261 mr
712 1200 837 1261 Do'rninc
858 1201 991 1280 hyssopo,
1010 1212 1037 1278 ct
1057 1201 1186 1261 mnndu-
1268 1244 1269 1251 a

233 1287 297 1355 bor,
313 1302 382 1345 cunr
397 1283 515 1345 Psalmo
538 1286 601 1361 ipso
617 1282 762 1346 Miserere
777 1281 836 1349 mei
851 1281 930 1341 Deus
951 1288 1010 1341 etc.
1029 1288 1062 1343 ut
1082 1300 1185 1343 omnes
1263 1332 1269 1361 3

234 1366 325 1445 prisci
348 1384 383 1426 ae
405 1366 591 1426 recentiores
612 1365 694 1425 Libri
723 1360 910 1423 Pontifioales
933 1370 1116 1423 memorant.
1141 1364 1187 1423 Li·
1268 1408 1269 1411 ,

234 1449 291 1508 ber
308 1448 576 1517 ⁴Sacranrentorum
600 1446 631 1507 S.
656 1445 795 1521 Gregorii
815 1442 915 1523 Papae
937 1444 1013 1505 haec
1036 1445 1073 1505 de
1094 1463 1131 1505 ea
1154 1464 1187 1505 rc
1264 1500 1269 1511 ,,

235 1529 343 1590 habet:
367 1527 442 1588 lndc
461 1528 579 1588 ueniens
601 1538 670 1587 unte
691 1526 793 1587 ‚lirare
816 1544 888 1587 curn.
904 1527 1035 1604 lipssopo,
1054 1529 1186 1605 aspergit

234 1613 333 1689 ipsum
361 1607 464 1669 Altero
495 1616 601 1687 septem
631 1610 771 1687 uicibus,
801 1604 934 1665 canendo
961 1604 1185 1687 Antiphonem,
1268 1651 1269 1655 ,

236 1688 377 1769 Arpcrpes
399 1688 457 1760 mc,
483 1708 549 1748 cnm
569 1692 631 1769 ipso
654 1687 771 1751 Psalmo
791 1686 956 1757 Miserere,
980 1690 1025 1748 uti
1056 1690 1187 1753 habetur

237 1773 266 1831 in
288 1772 424 1831 omnibus
445 1768 667 1831 Pontificalibus
690 1776 720 1831 et
742 1772 772 1829 in
794 1770 916 1845 antiquo
934 1769 1048 1833 Ordine
1077 1772 1187 1831 Roma·
1268 1817 1269 1845 2

237 1872 286 1913 no.
310 1852 388 1926 Quid
411 1857 513 1912 antem
535 1852 677 1913 circuitus
707 1852 770 1929 ipse
802 1854 833 1914 et
859 1852 1048 1929 aspersiones
1070 1857 1188 1930 septem
1264 1852 1269 1887 ¹

237 1932 349 1994 Altaria
370 1934 521 2002 denotent,
540 1932 606 1995 inse
628 1934 716 1993 docet
731 1932 898 1993 Culietmus
913 1933 1075 1995 Durandns
1090 1933 1156 1993 lib.
1173 1932 1188 1992 1
1268 1958 1269 1989 1

236 2012 309 2092 Cap.
334 2015 404 2076 Vll.
429 2014 559 2084 Verum,
582 2021 616 2075 ut
637 2014 864 2093 explicationem
886 2030 1051 2089 sequamur
1073 2015 1188 2091 antiqui

236 2099 378 2165 auctoris,
402 2096 531 2173 Remigii
551 2095 818 2170 Autissiodorensis
840 2093 997 2164 lionaobi,
1022 2095 1188 2157 incelebri
1268 2150 1269 2157 ,

236 2178 390 2248 Tractatu,
416 2178 451 2237 de
474 2177 666 2238 Dedicotione
688 2176 846 2244 Ecclesiae,
869 2173 943 2253 Cap.
960 2176 1000 2247 V;
1016 2180 1187 2257 septenario
1268 2226 1269 2257 ζ

236 2278 363 2320 numero
386 2259 536 2336 plenitudo
558 2258 742 2335 significatur
764 2258 891 2334 Spiritus
912 2256 1035 2330 Sancti,
1060 2266 1188 2323 testante

237 2341 324 2409 lsaia,
340 2341 393 2415 qui
416 2340 452 2401 de
468 2340 670 2410 Dominoait,
695 2338 768 2415 Cap.
785 2338 832 2399 Xl
855 2336 895 2397 Et
917 2341 1077 2419 requiescet
1098 2358 1187 2419 super

235 2440 303 2482 eum
327 2416 457 2498 Spiritus
481 2420 631 2489 Domini;
654 2420 787 2498 Spiritus
809 2419 997 2499 sapientius,
1022 2432 1050 2483 ot
1072 2423 1187 2485 intelte-

236 2512 300 2563 ctus
321 2506 382 2562 etc.
405 2500 561 2580 Hyssopns
583 2507 685 2561 autem
714 2518 782 2561 curn
799 2520 859 2577 quo
882 2500 987 2564 eadem
1008 2522 1088 2580 aqna
1105 2521 1188 2583 spar-

235 2584 328 2661 gitur,
353 2588 387 2642 ut
407 2600 476 2660 curn
492 2579 630 2660 Remigio
653 2587 736 2643 notat
757 2582 823 2661 ejus
844 2582 1022 2660 compilator
1044 2584 1098 2646 lvo
1116 2585 1188 2647 Car-

235 2665 368 2724 notensis
386 2661 578 2741 Episcopus,
601 2662 690 2741 enjus
718 2664 810 2725 ctiam
832 2668 1004 2740 aspersione
1026 2668 1187 2731 immundi·
1268 2702 1269 2707 κ

236 2747 295 2807 tiae
317 2743 495 2806 delebantur
522 2746 553 2803 in
576 2742 655 2821 Lege
674 2764 681 2813 ;
710 2744 856 2823 significat
877 2746 1080 2809 bumilitatem
1102 2747 1188 2810 Chri-

235 2828 298 2894 sti,
327 2843 406 2903 quae
438 2825 580 2886 duritiam
611 2833 731 2887 nostrae
763 2826 967 2889 obstinationis
997 2830 1185 2908 confringit,

237 2909 449 2987 passionesque
477 2913 567 2985 atque
588 2907 792 2968 immunditias
819 2907 976 2969 interiores
1005 2930 1116 2973 curare
1139 2930 1189 2977 no·

236 2992 291 3053 rit.
310 2988 429 3052 Circuit
445 2996 544 3049 cutem
559 2985 723 3069 Episcopus
737 2988 853 3058 Attore,
870 2992 1021 3053 conclusio
1036 3000 1083 3054 est
1097 3010 1188 3070 prae·

115 3142 119 3146 ,
235 3072 368 3131 latorum
391 3067 589 3147 Scriptorum,
602 3068 765 3147 sporpendo
787 3068 1072 3151 tantummono,
1095 3086 1131 3135 ut
1151 3078 1190 3135 s'r'·

235 3150 364 3231 pnificct,
381 3149 523 3212 Doctores
545 3168 605 3209 non
626 3148 739 3209 debore
751 3151 811 3209 otio
831 3150 994 3230 indulgere,
1011 3154 1065 3215 scd.
1085 3174 1190 3217 eorrrm

235 3250 374 3311 semper,
400 3249 472 3309 ques
494 3230 623 3290 Domino
645 3231 858 3300 initiaverint,
883 3251 986 3293 eurum
1009 3254 1112 3313 perere
1130 3247 1190 3307 ,ct

236 3330 342 3373 rorum
362 3312 561 3374 mundationi
582 3328 705 3388 operum
727 3312 810 3385 dure,
829 3324 856 3374 ct
876 3324 911 3375 ut
925 3312 1074 3377 Dominus
1091 3322 1191 3381 mittut

237 3390 384 3470 depetunt
406 3410 493 3451 snum
514 3395 548 3467 in
570 3393 700 3453 circuitu
724 3412 836 3458 rorum.
860 3404 887 3455 et
909 3398 1021 3477 eripior
1043 3417 1101 3469 ros,
1123 3420 1189 3461 con·

239 3473 381 3532 tinuutim
403 3489 504 3531 orurc.
524 3472 554 3532 Si
578 3472 705 3533 Librum
721 3474 983 3539 sacramentorum
999 3477 1030 3539 S.
1048 3476 1189 3557 Gregorii

240 3552 338 3630 Papre
360 3556 555 3630 spectemus,
579 3554 711 3632 itemque
734 3553 878 3617 Ordinem
901 3560 1055 3635 antiquum
1078 3560 1189 3625 Roma·
