2567 4042
619 185 843 257 ΜΒΝ»

256 315 375 390 spiritu,
394 330 502 391 nempe
523 314 670 374 daemone
692 313 748 375 luit
769 333 841 378 vere
862 316 1009 382 obsessus,
1028 323 1062 376 nt
1075 332 1197 375 commn-

257 397 302 456 uis
323 395 381 456 lert
402 393 524 454 Petrum
546 399 579 456 et
607 395 812 473 interpretum
834 398 992 458 sententia.
1007 396 1041 456 ln
1056 395 1140 457 Novo
1156 415 1198 456 au·

255 485 316 537 tem
339 477 435 537 multa
463 482 565 536 extant
591 475 765 554 hujusmodi
794 481 986 540 obsessorum
1013 478 1199 540 adacmonic

253 559 402 636 exempla.
416 557 448 616 ln
465 558 536 634 ipsis
548 557 702 620 Ecclesiae
717 561 890 638 primordiis
913 577 1019 638 magna
1035 568 1101 622 erat
1113 560 1198 621 Ener-

254 658 452 716 gnmenorum
475 640 649 710 multitudo,
665 648 699 700 ut
720 642 851 718 undique
874 645 963 703 etiam
985 641 1157 704 eGenlibus
1173 646 1201 700 et

252 721 380 800 Paganis
400 722 437 780 ed
461 720 628 796 Ecclesiam
652 722 872 784 adducerentur
897 725 966 786 suls
981 721 1155 784 exorcismis
1172 728 1200 784 et

252 805 405 884 precibus,
420 804 557 863 invocato
570 802 637 864 lesu
649 803 760 866 Christi
776 807 906 874 nomine,
924 805 1088 876 liberandi3
1106 823 1201 882 qnem-

252 886 415 946 admodum
437 885 535 962 colligi
558 891 657 962 potest
678 905 715 946 ex
730 885 847 948 tustino
862 886 1008 966 Mutyce,
1027 889 1077 964 qui
1099 889 1200 964 passim

253 973 403 1037 testatur,
426 966 614 1027 exorcizandi
635 985 746 1028 munus
767 967 867 1030 ‘luisse
890 987 1049 1030 commune
1071 968 1202 1028 omnibns

253 1045 527 1114 christifidelibus,
556 1066 593 1108 co
615 1050 695 1122 qnod
717 1067 822 1110 omnes
843 1055 914 1110 tunc
937 1068 978 1112 ex
994 1048 1095 1128 glatia
1118 1050 1202 1128 grutis

253 1132 320 1191 data
337 1132 485 1209 pollerent
505 1131 582 1189 dono
604 1130 742 1210 abigendi
758 1133 918 1193 daemones
932 1151 949 1192 e
965 1133 1141 1207 corporibus
1154 1131 1201 1193 ob

251 1230 402 1274 sessorum
430 1229 484 1288 per
506 1212 725 1272 invocationem
758 1214 885 1273 nominis
911 1212 983 1275 lesu
1009 1211 1146 1274 Christi:
1175 1212 1223 1284 id,

253 1295 333 1355 enim
355 1294 392 1352 ad
405 1291 558 1353 Ecclesiae
579 1292 829 1364 aedificationem,
846 1301 877 1356 et
892 1296 1023 1356 debitam
1039 1292 1125 1354 Fidei
1138 1313 1201 1372 pro·

251 1377 441 1455 pagetionem
468 1379 539 1435 tunc
561 1375 696 1452 prolecto
723 1383 789 1436 erat
817 1377 1034 1438 necessarium.
1059 1376 1201 1438 hestricle

252 1457 386 1520 subinde·
401 1456 457 1517 luit
478 1457 684 1527 exorcizandi,
709 1463 739 1519 et
761 1459 922 1519 daemones
946 1457 1107 1535 abjiciendi
1127 1463 1203 1536 pote-

253 1547 313 1601 stas
340 1539 377 1599 ad
400 1539 582 1598 Exercistas.

294 1620 348 1681 ΙΙΙ.
372 1619 530 1694 Quemvis·
542 1620 742 1682 ministerium
759 1620 949 1682 exorcizandi
979 1621 1106 1696 quilibet
1116 1619 1204 1681 Exor-

253 1704 326 1763 cista
343 1704 401 1762 rite
423 1702 577 1762 ordinatus
595 1719 742 1764 exercere
757 1703 861 1780 possit,
879 1703 953 1764 Can.
967 1701 1122 1770 Porrecto,
1138 1703 1202 1763 dist.

253 1783 307 1853 25,
330 1787 442 1851 lamen,
467 1801 504 1843 ex
526 1785 680 1845 communi
695 1781 850 1846 Ecclesiae
872 1785 967 1862 praxi,
980 1785 1018 1843 ad
1034 1784 1204 1846 Sacerdotes

253 1867 374 1943 proprie
405 1883 440 1925 ac
462 1865 670 1943 principaliter
692 1868 846 1944 pertinet,
878 1867 916 1926 ob
938 1865 1113 1944 dignitatem
1135 1865 1204 1928 adeo

252 1948 447 2018 eminentem,
466 1964 626 2024 perquam
649 1965 741 2024 snper
756 1948 889 2024 Angelos
902 1953 935 2010 et
949 1946 1120 2009 Daemones
1142 1963 1205 2008 ere·

252 2029 378 2091 buntur.
395 2029 436 2089 At
455 2045 529 2088 vcro
551 2033 634 2090 recte
657 2029 744 2090 docet
755 2029 891 2097 Cardine,
909 2030 1137 2090 convenientius
1153 2041 1201 2106 per

253 2110 457 2177 Sacerdotem,
482 2127 574 2186 quam
595 2128 651 2188 per
673 2109 831 2170 interiores
851 2111 979 2173 clericor
1002 2109 1069 2172 lieri
1091 2109 1205 2170 Exerci-

252 2211 335 2254 smos
356 2209 446 2269 super
466 2196 592 2251 vexatos
613 2211 629 2252 s
653 2192 811 2256 daemone.
838 2193 909 2269 quia
932 2192 1049 2254 scilicet
1069 2192 1205 2253 Sacerdo-

253 2282 300 2336 tes
320 2273 468 2351 majorem
491 2273 603 2342 habent
625 2291 662 2333 ex
686 2276 715 2333 vi
737 2273 922 2335 characteris
943 2273 1143 2336 sacerdotalis
1164 2273 1204 2333 di·
1256 2309 1257 2312 =

253 2356 408 2434 peitatem,
421 2361 599 2431 potestatem
622 2362 654 2417 et
668 2356 828 2433 imperium
844 2373 936 2432 super
951 2357 1125 2428 daemones,
1139 2355 1204 2432 qui-

252 2455 313 2514 que
329 2437 495 2497 ministerio
517 2455 572 2496 suo
595 2438 712 2514 plenius
734 2437 906 2497 satisfacere
929 2445 1075 2514 possunt,
1098 2436 1204 2499 utendo

253 2536 362 2596 nempe
383 2517 491 2587 Stola',
516 2517 640 2578 dicendo
662 2517 809 2579 Dominus
835 2520 1003 2588 Vobiscum,
1027 2539 1097 2582 cum
1121 2535 1203 2595 super

253 2597 701 2681 EuergnmeuosEvaogclinm
724 2600 853 2676 legunt,
878 2600 998 2660 blissam
1028 2603 1111 2679 prius
1133 2601 1203 2660 cele

254 2681 381 2749 beando,
404 2681 523 2757 aliaque
544 2681 728 2760 peragendo,
753 2681 869 2758 quaese
893 2688 994 2742 nostro
1010 2681 1135 2746 ltituali·
1150 2680 1203 2740 llo

253 2780 343 2824 maro
364 2763 623 2838 praescribuntur.
640 2762 741 2840 Atque
765 2764 842 2824 haec
864 2769 910 2824 est
930 2767 1100 2826 communis
1114 2768 1204 2824 etau-

252 2846 336 2922 tiqua
359 2843 515 2904 Ecclesiae
534 2847 662 2923 praxis,
684 2849 725 2904 ‹ul
752 2846 811 2904 soli.
829 2844 1012 2906 Sacerdotes·
1035 2845 1203 2907 obsessore

250 2927 411 2988 daemonio
432 2928 615 2988 exorcizent.
640 2925 701 3002 lpsi
723 2927 867 3004 primitivi
892 2924 1047 2988 Ecclesiae
1068 2925 1201 3006 Episcopi

253 3011 340 3070 istam
363 3006 537 3068 lccultatem
563 3021 622 3068 uon
646 3007 753 3068 solum.
767 3009 828 3068 suls
856 3009 1033 3086 delegabant
1054 3007 1203 3088 Presbyte-

252 3092 308 3159 ris,
323 3091 377 3152 ced
399 3096 429 3151 et
443 3089 498 3165 ipsi
514 3091 706 3158 exercebant,
724 3089 803 3166 quod
825 3090 912 3168 plane
927 3092 1115 3152 demonstrat
1135 3089 1202 3148 auli-

248 3191 311 3252 qua
333 3180 365 3234 et
387 3171 521 3242 monn,
545 3178 576 3233 et
589 3171 724 3232 Graecae
745 3168 898 3235 Ecclesiae
919 3173 1064 3251 Liturgia.
1088 3169 1200 3232 Etenim

252 3260 320 3334 post
340 3255 510 3316 solemnem.
528 3270 700 3314 sermonem
713 3251 882 3333 Episcopus
897 3253 1024 3316 rituales
1034 3253 1199 3318 Orationes

252 3340 345 3413 etque
367 3349 474 3395 manus
495 3334 812 3412 impositiones-dabat
839 3353 931 3414 super
957 3332 1199 3414 energumenos,

254 3417 452 3486 Poeuitentes,
470 3420 502 3476 et
515 3415 784 3490 Eatechnmenos·;
809 3435 886 3493 qnae
901 3417 1023 3496 quidem
1046 3435 1104 3486 uon
1117 3421 1202 3479 eraut

252 3499 345 3566 aliud,
362 3515 454 3574 qnam
466 3493 645 3566 Exercismi,
655 3503 687 3558 et
700 3503 823 3559 omuino
832 3494 1011 3576 liebautper
1027 3501 1125 3577 ipsum
1137 3495 1201 3576 Epi·

253 3597 390 3660 scopum.
414 3577 447 3638 ld
470 3580 581 3656 passim
604 3579 774 3642 ostendunt
795 3579 972 3642 Sanctorum
992 3578 1200 3660 Episcoporum
