2567 4042
469 202 529 264 as
553 193 610 251 1⁷⁷
631 198 692 268 se
786 260 789 270 ,

96 344 122 385 a
145 331 248 385 rerum
271 320 552 399 Ecclesiasticarum
568 320 770 398 Scriptoribus
792 321 976 383 referuntur.
1000 321 1063 383 Ab·

106 408 213 475 bates,
237 404 350 481 aliique
371 405 501 465 Praelati
528 422 618 464 usum
640 402 860 465 Pontificalinm
893 404 1063 475 babentes,

98 487 272 565 Campanas
295 504 351 563 pro
372 487 435 547 solo
468 504 525 547 usu
559 503 690 547 suarum
706 484 908 548 Ecclesiamm
938 492 1063 564 possunt

105 569 310 636 benedicere,
336 569 426 644 idque
457 572 634 635 constater
655 566 686 627 S.
712 566 748 627 ll.
773 567 1009 645 Congregatione
1031 570 1062 627 in

105 651 249 711 Patavina
277 648 417 728 bllpril.
443 646 534 709 1620.
560 646 710 727 Campana
733 667 770 710 ex
793 654 954 727 praecepto
981 650 1063 711 iuxta

105 731 282 794 Pontificale
299 730 480 801 Romanum,
498 730 589 791 debet
603 731 739 792 benedici
753 738 913 807 antequam
935 734 965 791 in
980 728 1064 793 Cam·

103 817 196 891 panili
224 820 363 892 ponatur.
388 811 474 873 Ritus
506 813 722 873 benedictionis
744 810 964 890 Campanamm
993 830 1061 873 con·

99 896 180 957 sistit
201 898 231 956 in
246 895 407 955 recitandis
421 894 602 969 quibusdam
617 893 743 956 Psalmis
765 913 800 954 ac
823 896 976 973 precibus.
994 892 1061 972 Epi-

102 996 223 1055 scopus
234 977 277 1037 sal
301 982 331 1037 et
352 993 461 1053 aquam
477 976 636 1044 benedicit,
654 978 784 1054 ipsisque
799 978 956 1053 permixtis
970 976 1061 1038 Cam-

102 1078 178 1137 pana
201 1058 358 1127 abluitur,
383 1074 474 1133 quam
489 1056 566 1118 0leo
582 1057 776 1118 lntirmorum
798 1066 830 1120 et
851 1063 954 1122 sancto
969 1056 1058 1119 Chri-

101 1148 200 1202 smate
221 1140 286 1200 linit
307 1137 473 1217 Episcopus
498 1140 583 1215 ipse:
608 1140 679 1201 tbns
701 1140 859 1201 subiicitur
874 1139 1055 1217 Campanae,

96 1230 133 1283 et
155 1227 307 1300 postremo
335 1222 485 1281 Diaconus
517 1222 597 1281 canit
618 1219 816 1298 Evangelinm
839 1220 869 1283 S.
894 1223 1004 1291 Lucae,
1030 1232 1063 1285 ut

101 1304 230 1365 babetur
251 1305 282 1362 in
304 1300 469 1361 Pontificali
491 1301 641 1363 Romano.
656 1300 738 1361 Nihil
760 1304 862 1379 itaque
885 1310 930 1365 est
954 1305 981 1363 in
1004 1304 1064 1363 Be-

99 1386 270 1451 nedictione
291 1382 485 1461 Campanae,
510 1385 590 1460 quod
614 1384 822 1459 antiquitatem
839 1404 896 1445 non
912 1384 1058 1457 redoleat,

100 1485 171 1527 cum
193 1484 297 1527 omnes
318 1482 394 1543 pene
417 1466 512 1533 ritu,
536 1468 586 1542 qui
609 1466 757 1526 innostro
780 1465 927 1527 hodierno
942 1465 1062 1525 ·Roma-

99 1565 141 1607 no
162 1546 327 1609 Pontificali
349 1548 428 1607 circa
449 1546 518 1625 ejus
539 1546 777 1607 benedictionem
801 1547 1059 1624 praescribuntur,

100 1632 130 1691 in
164 1630 378 1707 antiquissimis
409 1627 634 1689 Pontificalibns
668 1628 869 1692 inveniantur.
905 1627 1062 1690 Cauuntur

99 1712 204 1790 plures
237 1711 372 1781 Psalmi,
404 1710 441 1773 ad
471 1710 691 1788 impetrandam
724 1710 854 1771 divinam
886 1711 1061 1772 misericor-

100 1794 181 1853 diam
204 1800 235 1855 et
255 1793 496 1871 protectionem,
524 1792 700 1870 quiquidem
724 1794 865 1869 antiquus
887 1799 935 1855 est
951 1791 1060 1853 uecte-

99 1876 161 1935 siae
194 1876 288 1939 ritus,
313 1876 383 1934 licet
414 1879 500 1935 vetus
520 1873 603 1934 Ordo
627 1872 805 1945 Romanus,
831 1881 861 1935 ct
880 1872 1058 1937 Pontificale

99 1954 253 2016 Ecclesiae
274 1955 424 2023 Barensis,
448 1955 568 2031 aliaque
591 1955 731 2015 nonnulla
753 1958 947 2032 praecipiant,
966 1957 1004 2017 ut
1022 1956 1059 2017 ad

99 2037 335 2098 benedicendum
358 2036 513 2095 Ecclesiae
533 2036 674 2111 signum,
692 2053 800 2113 nempe
816 2037 1011 2116 Campanam,
1030 2039 1060 2097 in
1113 2088 1141 2104 ,⁴

98 2120 206 2197 primis
228 2119 342 2179 dicatur
364 2116 501 2187 Litania‚
525 2122 556 2176 et
578 2123 681 2192 postea
702 2116 823 2177 Psalmi.
850 2116 903 2180 Est
937 2120 1058 2197 insuper

98 2201 307 2277 antiquissima
329 2200 401 2260 lotio
422 2198 594 2277 Campanae
616 2199 697 2259 intus
730 2204 760 2260 et
792 2198 865 2259 soris
887 2219 959 2261 cum
981 2220 1058 2277 aqua

100 2278 267 2343 benedicta.
284 2278 361 2360 Ejus
383 2281 456 2341 ritus
478 2280 616 2340 meminit
637 2286 726 2340 vetus
743 2279 825 2355 Ordo
841 2282 1011 2350 Romanus,
1029 2290 1059 2345 et

99 2364 150 2423 alii
178 2363 289 2441 passim
321 2362 410 2440 prisci
441 2362 687 2437 recentioresque·
704 2360 893 2424 Pontificales
915 2362 997 2429 Libri
1028 2366 1058 2425 in

97 2444 211 2505 Ordine
233 2444 268 2503 ad
291 2442 529 2505 benedicendum
553 2440 706 2513 Ecclesiae
736 2444 865 2521 signum.
890 2443 949 2505 Per
978 2444 1058 2505 illam

99 2526 243 2587 lotionem
265 2525 434 2602 Campanae
456 2522 641 2601 significatur
657 2524 742 2585 nobis
758 2526 892 2602 primum
914 2526 994 2588 illins
1009 2527 1057 2587 de·

99 2608 210 2681 dicatio
232 2607 269 2667 ad
289 2624 379 2668 usum
393 2624 536 2676 sacrum,
560 2610 592 2667 et
612 2606 652 2665 ab
675 2606 740 2665 aliis
756 2606 848 2683 siguis
864 2606 997 2683 profanis
1013 2626 1059 2669 se-

97 2688 225 2767 paratio.
249 2687 361 2749 Mirum
386 2704 474 2766 porro
490 2687 653 2749 haereticis
679 2688 803 2749 minime
828 2689 926 2749 videri
955 2690 1054 2759 debet,

96 2770 266 2847 Campanas
287 2790 305 2831 a
327 2769 411 2828 nobis
434 2786 491 2829 non
513 2770 611 2830 solum
635 2768 770 2833 benedici
785 2780 794 2838 ,·
817 2769 870 2831 sed
893 2770 984 2832 etiam
1009 2790 1056 2839 sa,-

98 2870 151 2913 cro
180 2850 256 2913 Oleo
289 2858 320 2913 et
340 2850 508 2916 Chrismate
540 2851 663 2930 inungi,
693 2870 727 2911 ac
758 2858 915 2928 practerea
949 2872 1056 2914 nomen

100 2934 215 2995 eisdem
237 2933 372 3013 imponi;
397 2937 441 2992 est
462 2932 542 2991 enim
572 2932 648 2992 haec
671 2928 878 3009 antiquissima
901 2931 1055 2997 Ecclesiae

100 3016 277 3092 disciplina,
294 3015 349 3089 cui
373 3009 500 3073 mirifice
520 3013 704 3091 suffragatur
721 3019 934 3089 argumentum
950 3017 1057 3079 exCa’·

99 3098 162 3174 pite
184 3094 324 3156 xxvm
344 3093 494 3155 Geneseos
516 3096 662 3163 ductum,
687 3096 737 3156 nbi
758 3094 851 3156 Jacob
874 3115 990 3158 memor
1013 3099 1057 3158 vi-

99 3197 152 3240 sus
173 3179 272 3238 scalae
293 3178 331 3249 ad
353 3177 469 3237 eaelum
494 3194 587 3252 usquc
603 3178 819 3256 pertingentis,
844 3177 913 3240 tulit
928 3178 1055 3257 lapidem

99 3277 192 3336 quem
214 3261 304 3336 capiti
326 3276 381 3321 suo
401 3259 580 3335 supposuit,
603 3264 634 3318 et
656 3259 752 3321 erexit
772 3261 802 3319 iu
825 3259 969 3328 titulum,
992 3260 1055 3323 lun·

100 3342 199 3403 dendo
221 3341 322 3409 oleum
350 3342 506 3416 desuper,
529 3340 751 3418 appellavitque
782 3359 889 3402 nomen
914 3344 981 3402 urbi
1001 3344 1057 3405 Be·

96 3422 185 3494 tbel,
209 3439 287 3499 qnae
310 3423 393 3500 prius
414 3419 495 3481 Luza
515 3422 682 3483 dicebatur.
707 3421 768 3483 Nec
791 3424 997 3501 incongruum
1011 3426 1056 3485 vi·

100 3504 167 3565 deri
189 3503 279 3565 debet
298 3502 514 3581 praescriptum
548 3504 578 3562 in
601 3503 805 3567 benedictione
833 3501 1001 3581 Campanae
1023 3512 1058 3566 ut

24 3628 36 3643 ,
101 3586 159 3665 legi
188 3583 412 3663 Evangelium3
448 3584 488 3645 ibi
512 3584 591 3647 enim
617 3586 777 3666 praecipue
809 3585 846 3648 de
877 3587 972 3648 verbo
1000 3584 1058 3647 Dei

240 3679 297 3735 Vol.
318 3684 338 3735 l.
720 3729 722 3735 .
879 3684 912 3734 12
