2567 4042
578 122 781 197 mdo&-

203 258 254 334 pta
275 254 314 313 ab
335 271 382 321 oo,
398 254 450 329 qui
470 270 557 315 sacro
570 254 805 334 Presbyteratns
820 254 933 315 Ordine
955 273 1013 315 non
1037 260 1083 317 est
1096 255 1147 315 ini·

202 336 303 400 littus.
328 350 364 395 er
386 334 481 397 Bullis
500 336 662 398 Clementis
682 336 767 407 VIII,
790 334 904 398 Urbani
920 336 993 398 VIII
1017 336 1147 397 etBene·

203 418 276 477 dicti
304 416 391 477 XIV.
415 416 583 497 Septimum
613 427 684 489 est,
715 421 896 499 sacrilegum
925 425 956 481 et
981 418 1149 481 execrabile

203 499 319 560 ionum
340 501 547 562 sanctissimae
569 500 797 566 Eucharistiae.
822 504 885 564 sive
907 518 977 562 cum
1000 519 1084 563 sacra
1097 500 1149 582 Pp·

204 578 284 644 xlde.
308 584 371 643 sive
392 583 455 643 sine
477 582 539 655 illa,
555 584 643 664 juxta
665 578 765 647 Bullas
787 583 951 645 Innocentii
966 582 1014 643 XI
1036 590 1068 647 et
1082 583 1150 646 lile«

205 665 311 725 xandri
332 662 417 724 vill.
441 661 590 728 Octavum
613 674 660 729 est
680 668 760 728 illius
783 668 914 733 crimen,
937 667 988 743 qui
1011 667 1150 729 abortum

205 745 305 808 foetus
325 748 447 807 animati
469 749 518 808 rel
540 765 595 827 per
616 768 673 822 se,
697 749 745 809 vel
779 766 834 825 per
856 748 947 809 aliurn
980 752 1148 825 procurat,

206 828 319 891 ellectu
340 834 496 905 sequente,
520 848 558 891 ex
578 828 662 893 Bntta
685 828 760 892 Sinti
783 824 811 891 V
835 847 913 911 quae
934 830 1038 907 incipit
1060 825 1152 911 Effre-

205 924 321 973 uorom.
344 910 461 972 Nonum
484 913 522 972 ab
536 913 686 991 aliquibus
700 919 875 975 recensetur
889 910 1083 980 maleficium,
1100 928 1152 973 seu

207 993 418 1071 sortilegium,
442 1010 480 1054 ex
500 1012 562 1071 quo
584 999 698 1068 unlus,
723 1000 776 1058 aut
795 996 928 1075 plurium
955 1008 1150 1073 personarum
1239 1024 1240 1033 ¹

207 1090 290 1134 mors
312 1079 439 1153 sequuta
460 1078 687 1155 comprobetur.

248 1156 303 1217 IV.
327 1155 492 1232 Postquam
519 1160 558 1219 de
579 1158 841 1239 degradationibus
863 1160 893 1219 ln
914 1174 1024 1236 genere
1051 1164 1152 1219 actum

207 1236 290 1303 luit.
315 1238 510 1317 peculiariter
541 1245 656 1320 agimus
678 1243 715 1303 de
736 1240 997 1321 degradationibus
1024 1258 1041 1300 a
1064 1241 1153 1301 sacris
1242 1274 1243 1283 ι

205 1319 379 1405 Ordinibus.
412 1321 649 1400 Antiquisdmus
682 1339 749 1385 rnos
780 1332 826 1387 est
862 1326 890 1383 in
922 1316 1058 1383 Ecclesia
1090 1328 1154 1383 turn

205 1402 364 1475 Orientali,
389 1415 458 1464 curn
479 1403 678 1476 Occidentali,
702 1413 736 1466 ut
757 1408 809 1467 ubi
832 1404 1023 1466 Patriarchae
1045 1409 1076 1465 et
1096 1402 1153 1465 Ar·

205 1481 388 1564 cbiepisc'opi
410 1487 678 1566 degradabantur,
702 1484 869 1548 Pontificali
892 1485 985 1547 Pallio
1007 1504 1153 1548 exueren-

206 1574 268 1627 tur.
293 1566 396 1637 lditra,
412 1588 506 1630 unrrm
529 1577 576 1631 est
596 1586 634 1631 ex
656 1571 839 1631 ornamentis
855 1566 1090 1647 Episcoporum,
1106 1587 1152 1630 eo·

206 1664 265 1723 qne
292 1666 330 1732 er
349 1652 558 1728 recentissima
578 1650 732 1713 Ecclesiae
765 1649 919 1730 disciplina
942 1650 1083 1729 Episcopi
1105 1652 1154 1712 de-

206 1730 350 1807 gradandi
372 1733 533 1799 nudantur.
558 1734 692 1794 subhac
714 1734 844 1795 formula
865 1734 895 1792 in
917 1739 1018 1793 nostro
1034 1730 1154 1793 Pontifi·

206 1814 261 1872 cali
283 1815 467 1894 praescripta
477 1837 489 1895 :q
502 1810 599 1877 turra
614 1814 811 1899 Pontificolis,
836 1814 992 1893 dignitotc's
1013 1813 1153 1875 uidelicet
1192 1823 1198 1834 '

205 1904 329 1966 motu,
353 1899 405 1977 qui
426 1915 502 1967 eom,
525 1900 601 1958 mele
618 1898 828 1979 praesidendo,
843 1895 982 1976 foedasti,
1000 1904 1086 1955 tuum
1108 1912 1154 1955 ee·
1249 1942 1250 1949 .

201 1986 259 2057 pur
281 1976 481 2041 denudamus.
506 1981 600 2041 Recte
622 1985 726 2041 autern
754 1996 771 2041 a
792 1979 983 2059 degradando
1005 1974 1153 2057 Episcopo
1250 1976 1252 2039 j,

206 2074 326 2120 sacrum
353 2058 509 2142 Evangelii
531 2062 674 2124 Codicem
703 2063 818 2125 aulerri
846 2062 935 2139 eique
963 2060 1151 2137 praedicandi
1250 2044 1252 2083 ³

207 2156 317 2203 munus
338 2145 447 2214 vetari,
471 2160 509 2205 ex
531 2156 568 2205 eo
591 2144 782 2213 addiscimus,
806 2143 876 2222 quia
898 2142 1033 2208 scilicet,
1058 2146 1094 2202 ut
1114 2142 1154 2202 ait
1250 2138 1252 2201 ἶ

207 2218 238 2283 S.
262 2222 447 2306 Gregorius:
473 2226 570 2306 Cujus
590 2227 655 2287 etto
676 2224 861 2309 despicitur,
887 2232 980 2285 uertet
998 2254 1014 2291 ,·
1028 2234 1063 2285 ut
1092 2228 1154 2285 e'us

207 2321 320 2385 quoque
341 2306 529 2387 praedicatio
557 2316 777 2370 contemnatur.
801 2305 1064 2380 Quemadmodum
1113 2306 1155 2382 pi-

206 2391 288 2466 scopi
319 2385 347 2448 in
370 2404 424 2449 sua
446 2390 669 2449 consecratione
697 2386 822 2451 annulos
848 2388 1022 2464 accipiunt,
1053 2388 1094 2447 ita
1127 2388 1156 2447 in

207 2467 420 2547 degradatione
441 2472 607 2549 prirentur.
621 2469 749 2532 Bacubs
766 2486 827 2540 ,non
850 2470 940 2529 modo
962 2469 1088 2537 ablatos,
1105 2468 1155 2529 sed

206 2545 239 2609 et
259 2550 370 2612 tractos
398 2553 429 2612 in
452 2553 668 2632 degradatione
692 2549 935 2631 episcoporum,
969 2551 1076 2611 docent
1105 2564 1156 2611 nos

206 2627 283 2694 beia
304 2632 336 2696 S.
352 2633 522 2695 Theodardi
537 2632 742 2695 Narbonensis
757 2633 983 2710 Archiepiscopi
997 2632 1074 2710 apud
1090 2631 1156 2693 Bol-

192 2713 359 2797 grandense
380 2716 428 2778 die
444 2712 588 2794 tritae.
612 2714 825 2778 Extrahuntur
839 2713 1026 2781 Cbirotecae,
1043 2716 1079 2773 nt
1093 2728 1157 2775 cae·

206 2791 341 2859 remonis
372 2804 536 2878 peragatur
556 2792 718 2858 abradeudi
742 2812 812 2859 cnm
835 2793 981 2862 cultello,
1006 2793 1055 2856 vel
1078 2797 1157 2858 vitro

102 2909 105 2915 ·
207 2879 330 2957 pollices
351 2885 382 2941 et
398 2896 503 2943 manus
525 2876 708 2958 degradandi
723 2876 875 2957 Episcopi,
893 2877 949 2940 sub
971 2877 1028 2937 hac
1049 2879 1156 2939 verho-

206 2978 275 3023 rum
298 2962 452 3023 formula:
477 2961 526 3025 Sir
548 2961 717 3040 spiritualis
737 2959 971 3042 benedictionis,
996 2969 1023 3020 et
1045 2958 1159 3021 ddsdo-
1200 2980 1203 2993 ·

210 3046 302 3105 tionis
324 3046 468 3123 mysticae
489 3046 613 3122 grotta,
638 3045 784 3123 quantum
805 3046 839 3103 iu
860 3040 943 3102 uobis
964 3049 1023 3123 est,
1046 3051 1074 3101 te
1092 3043 1160 3123 prt-

207 3141 333 3194 edmus‚
356 3135 391 3186 ut
411 3124 623 3205 modificandi
646 3133 673 3183 et
695 3122 887 3184 benedicendi
903 3120 1014 3201 pudes
1034 3118 1161 3206 officium

206 3217 237 3267 ot
264 3200 410 3287 mertuos.
439 3206 527 3281 Quod
554 3202 659 3267 antem
692 3204 872 3282 degradandi
896 3204 1034 3283 Episcopi
1067 3210 1159 3281 capnt

207 3288 381 3358 abradatur,
397 3289 496 3349 multa
518 3288 585 3368 ejus
607 3288 652 3349 rei
671 3287 809 3364 exempta
832 3288 861 3346 in
876 3282 1088 3347 EcclesiastIoa
1102 3280 1159 3349 IIi-

208 3370 300 3431 storia
324 3375 496 3430 occurrunt.
521 3370 604 3431 Inter
626 3368 844 3446 Episcoporurn
866 3368 1038 3427 indumenta
1060 3383 1160 3429 recen·

209 3449 473 3515 sentursandalia.
491 3452 587 3512 abutar
605 3457 636 3511 et
653 3453 713 3529 ipsa
726 3451 790 3529 jam
801 3452 873 3511 olim
885 3446 1033 3527 Episcopo
1049 3450 1077 3509 in
1092 3450 1158 3529 ejus

208 3534 434 3614 degradatione.
458 3532 524 3593 lam
554 3538 675 3609 praeter
708 3532 817 3593 borum
841 3530 1059 3593 Pontiticallum
1093 3533 1162 3595 insi·
