2567 4042
612 207 835 280 -isptataaa

241 344 328 419 gatur
349 337 449 406 Deus,
473 345 507 399 ut
526 337 579 399 det
592 340 677 399 n'obis
692 357 798 417 panem
814 338 1018 416 quotidianum
1034 361 1042 410 ;
1060 338 1113 415 qui
1125 339 1184 417 qni-

241 425 310 482 rtem
332 438 349 480 a
371 419 488 482 Sanctis
507 420 646 480 Patribus
678 439 735 480 non
762 421 850 480 modo
871 421 1015 498 accipitur
1037 439 1091 497 pro
1116 439 1184 498 pane

242 501 468 574 eucharistico,
492 519 598 563 rerum
620 504 712 565 etiam
734 521 788 580 pro
810 502 960 564 communi
983 503 1059 562 cibo.

283 583 337 644 lll.
361 582 503 644 Omnium
526 587 676 645 malorum
700 585 889 646 teterrimum
911 589 956 645 est
977 584 1081 663 procul
1103 584 1186 644 dubio

244 666 335 742 pestis
356 665 532 746 llagellum,
556 684 633 742 quae
650 667 793 742 peculiari
809 669 922 728 ratione
945 667 1001 726 dici
1016 665 1124 726 assolet
1135 666 1188 725 Dei

242 749 391 825 llagellum
424 755 455 809 et
481 749 595 826 gladius
617 749 694 820 nei,
718 750 762 808 uti
794 749 922 809 babetur
949 749 1014 808 Lib.
1044 745 1187 807 ll’arali-
1259 809 1260 820 χ

243 849 413 908 pumenon,
435 829 507 908 Cap.
530 828 620 891 xxi.
645 830 694 889 Ris
725 830 835 892 dicitur
866 831 1033 891 obsecratio
1054 837 1185 910 apeste,
1259 835 1260 844 ’

241 914 278 973 ad
301 912 587 983 demonstrandum,
612 913 692 988 quod
714 914 802 974 enixe
823 929 928 991 preces
956 914 992 973 ad
1024 910 1185 972 boc'iiunt.

243 992 379 1056 Psalmns
400 1001 446 1054 est
467 1002 572 1056 sextus
594 995 623 1053 in
646 994 750 1054 ordine
772 993 909 1070 Psalterii
924 1038 931 1063 ,
948 1000 978 1055 et
993 995 1108 1073 primus
1125 1011 1190 1070 pue-

242 1077 461 1143 nitentialium,
484 1078 513 1136 in
536 1094 597 1155 quo
618 1082 765 1136 tractatur
785 1077 821 1137 de
837 1075 1031 1146 infirmitate,
1055 1076 1092 1136 (ie
1114 1077 1187 1136 sani·
1260 1095 1261 1110 ¹

242 1164 322 1224 tate,
346 1159 434 1218 etde
455 1158 520 1219 aliis
541 1157 578 1218 ad
600 1176 666 1218 rem
690 1165 877 1236 praesentem
905 1159 1093 1219 iacientibus.
1110 1157 1188 1218 Ora-

242 1243 339 1301 tiones
359 1259 433 1302 vero
454 1258 558 1302 omnes
580 1241 806 1317 poenitentiales
833 1247 912 1301 sunt.
935 1240 969 1301 ln
1001 1243 1096 1319 prima
1117 1239 1190 1300 Ora-

242 1325 323 1384 tione
346 1325 456 1385 mentio
478 1320 511 1382 lit
533 1324 663 1400 primum
686 1323 907 1384 intercessionis
929 1323 1079 1400 Deiparae
1095 1321 1191 1400 Virgi-

243 1407 314 1475 nis,
339 1406 418 1482 quod
439 1403 487 1464 illa
511 1405 698 1482 potissimum
721 1406 820 1465 valeat
841 1405 876 1464 ad
900 1404 1116 1483 profligandam
1144 1421 1193 1482 pe-

242 1494 340 1554 stem,
364 1494 398 1548 nt
418 1492 565 1547 testantur
587 1486 697 1564 templa
722 1489 750 1546 in
772 1485 839 1565 ejus
854 1488 1002 1547 honorem
1025 1493 1124 1547 erecta
1147 1503 1192 1545 va-

242 1570 295 1630 riis
316 1570 414 1640 locis,
439 1587 474 1630 ac
495 1569 673 1645 praesertim
696 1567 811 1629 Romae
843 1574 874 1629 et
900 1567 1047 1647 Neapoli,
1077 1569 1116 1629 ob
1147 1585 1192 1630 ur·
1261 1575 1262 1584 ’

242 1654 311 1714 bem
334 1670 369 1711 ac
390 1669 516 1730 regnum
537 1669 554 1708 a
569 1655 653 1728 peste
668 1657 834 1711 servatum.
850 1649 998 1712 Omnibus
1020 1655 1124 1711 notum
1138 1657 1190 1720 est,

243 1738 354 1812 quanta
378 1734 417 1794 sit
445 1749 515 1811 praa
542 1733 652 1792 ceteris
674 1733 789 1794 Sanctis
811 1733 957 1812 lleiparae
985 1732 1065 1812 apud
1094 1731 1189 1795 Deum

243 1816 417 1876 intercessio
438 1814 476 1874 ad
497 1814 660 1875 avertenda
683 1815 789 1884 mala,
813 1815 920 1891 quibus
942 1813 996 1875 Ilei
1025 1815 1103 1875 iram
1127 1833 1194 1894 pro-

243 1896 450 1978 vocamusad
480 1896 695 1957 ulciscendum.
719 1895 853 1969 Praetea
864 1895 1074 1958 Sanctissimae
1096 1893 1193 1973 Virgi-

243 1981 288 2039 nis
310 1980 525 2040 invocationem
548 1977 582 2039 fit
603 1984 634 2040 et
647 1980 684 2038 ¹in
701 1978 854 2056 praedicta
870 1976 1011 2039 Oratione
1027 1975 1129 2049 Sancti
1147 1979 1192 2040 Se-

242 2061 369 2123 bastiani
391 2061 534 2140 Martyris
556 2061 688 2130 mentio,
712 2060 751 2120 ob
772 2066 886 2137 pestem
910 2059 974 2138 ejus
1002 2060 1085 2121 cultu
1107 2061 1192 2122 seda·

243 2149 304 2205 tam
327 2142 452 2215 Romae,
469 2148 501 2206 et
522 2144 551 2202 in
573 2143 639 2203 aliis
662 2143 812 2202 nonnuliis
827 2142 931 2204 ltaliae
953 2143 1123 2204 civitatibus
1145 2161 1195 2214 au·

244 2244 282 2288 no
304 2223 463 2296 MXXX,
486 2225 596 2286 Sancto
618 2224 777 2300 Agathone
799 2222 941 2286 Pontifice
963 2223 1107 2284 Maximo.
1131 2223 1194 2284 blo-

244 2325 308 2369 rem
331 2310 428 2384 ipsum
450 2307 584 2384 erigendi
606 2303 674 2366 aras
702 2323 737 2366 aa
763 2305 888 2382 Templa
917 2309 947 2366 in
971 2305 1002 2366 S.
1029 2305 1193 2366 sebastiani

246 2390 393 2451 bonorem
416 2390 452 2450 ad
481 2394 595 2465 pestem
630 2388 881 2470 propulsandam,
905 2387 1043 2464 probavit
1073 2387 1194 2464 quidem

244 2470 436 2533 Sacerdotula
467 2468 645 2537 Brixienbe,
675 2470 871 2532 Distinctione
893 2469 935 2530 Vl
957 2467 1119 2546 cantv,
1145 2469 1193 2530 ubi

244 2565 420 2630 quaerens,
435 2553 505 2630 quid
538 2553 685 2630 agendum
714 2571 731 2612 a
753 2551 889 2612 Parocbo
921 2558 1058 2630 tempore
1080 2552 1192 2628 pestis.

237 2635 322 2698 ‘inter
344 2637 402 2696 alia
424 2654 509 2696 num.
532 2633 553 2693 '1
572 2634 630 2697 ¹ait:
657 2632 867 2714 Proqrerliente
890 2635 984 2694 morbi
1004 2633 1192 2700 calamitate,

244 2728 315 2778 eota
337 2719 447 2781 Sancto
471 2714 644 2777 Sebastiano
664 2733 723 2796 per
741 2717 887 2797 papalum
902 2715 969 2797 pieri
990 2723 1106 2792 arpent.
1125 2713 1195 2773 Pro-

244 2799 356 2862 barunt
376 2806 407 2861 et
420 2799 521 2860 Sancti
537 2793 709 2867 antistites,
726 2799 778 2875 qui
793 2799 823 2857 in
838 2797 901 2857 dira
917 2797 993 2875 apud
1017 2797 1098 2874 ipsos
1113 2812 1193 2875 gras·

243 2888 329 2942 sante
349 2889 453 2961 peste,
477 2886 510 2941 ut
530 2880 568 2939 ab
589 2899 625 2941 ea
649 2880 868 2948 liberarentur,
892 2879 929 2940 ad
950 2879 1193 2939 intercessionem

243 2963 381 3042 ejusdem
402 2962 434 3026 S.
458 2963 603 3040 Martyris
624 2961 836 3040 confugerunt.

284 3044 338 3106 lV.
362 3043 437 3106 Cum
460 3043 572 3106 mubae
594 3045 729 3105 oriantur
756 3062 794 3104 ex
821 3043 899 3103 bello
932 3042 1139 3110 calamitates,
1163 3043 1193 3101 ut

243 3132 287 3189 tot
309 3128 395 3189 malis
416 3132 614 3192 occurratur,
638 3131 707 3186 ante
729 3125 829 3202 omnia
850 3121 1067 3186 recurrendum
1091 3129 1138 3184 est
1157 3121 1191 3182 ad

242 3207 341 3271 mum
367 3209 615 3289 perorationem
644 3227 678 3268 ac
705 3205 814 3268 Preces
840 3205 1137 3286 supplicationesque
1162 3207 1193 3262 ut

242 3291 356 3352 bellum
377 3297 505 3353 avertat.
523 3291 658 3351 Psalmus
680 3287 823 3350 dicendus
837 3294 903 3365 post
917 3287 1048 3348 litanias
1061 3291 1108 3348 est
1121 3299 1191 3362 qna-

242 3373 430 3452 dragesimus
451 3372 598 3450 quintus,
623 3373 675 3448 qni
696 3372 825 3448 scriptus
846 3369 903 3431 luit
925 3371 954 3429 in
977 3369 1139 3448 gratiarum
1161 3381 1190 3422 a·

242 3456 370 3517 ctionem
390 3463 448 3535 'pro
470 3454 595 3515 victoria
609 3452 731 3514 Davidis
746 3453 783 3514 ab
798 3451 926 3512 inimicis
948 3453 1021 3521 suis,
1034 3451 1099 3530 Deo
1113 3447 1190 3508 auxi·

243 3537 345 3606 liante,
369 3542 531 3614 reportata.
555 3535 662 3597 Preces
683 3540 752 3613 post
773 3534 943 3613 psalmum,
967 3539 1053 3610 atque
1072 3529 1189 3591 Oratio·

243 3637 296 3680 nes
316 3621 346 3678 in
367 3616 479 3678 llituali
501 3623 645 3686 notatae,
669 3616 775 3678 eodem
793 3616 937 3686 tendunt,
962 3620 997 3676 ut
1019 3629 1124 3690 nempe
1138 3607 1190 3669 Ee·
