2567 4042
598 170 659 233 *l
679 162 720 224 5⁰
740 170 801 235 ἢ·

226 305 332 349 eorum
364 289 417 367 qui
436 288 602 354 ¹ordinandi
633 298 704 353 sunt
732 291 961 371 probationem,
995 292 1176 369 conquirere

152 370 159 383 “
225 375 342 431 tantum
365 374 484 447 oportet
515 373 663 433 bonorum
686 374 867 435 testimonia.
894 370 1030 450 Synodus
1051 370 1177 447 Triden-

224 452 313 521 tino,
336 454 368 513 et
387 449 639 531 Rothomagensis
660 473 678 513 a
692 456 758 597 pde
781 454 881 531 dipoir
902 452 1175 525 MediolanensisV

224 550 241 593 a
261 531 338 595 virio
358 542 493 611 spectato
509 538 674 615 probitate,
720 536 842 614 queusis
864 536 937 597 item
958 534 1047 613 afide
1061 535 1172 611 dium,

224 616 469 694 praeteritosque
499 619 600 686 ciris,
623 618 813 697 praecipiunt
843 617 1067 694 inquirendum.
1099 614 1177 677 lllnd

223 699 346 777 quoque
376 698 474 757 omitti
497 693 666 759 nullatenus
695 701 807 769 debet,
831 699 1074 759 denunciationes
1096 698 1178 774 ordi-

223 778 393 855 nandorum
415 776 482 837 sieri
498 778 608 840 debere
632 781 663 839 in
677 782 802 859 singulis
818 778 984 858 majoribus
998 777 1173 841 Ordinibus.

221 857 420 937 Quamquam
442 878 516 920 vero
538 879 576 921 ex
598 860 721 923 Concilii
743 861 908 922 Tridentini
931 860 996 939 lege
1030 862 1086 929 soli
1107 866 1177 937 pro*
1205 906 1207 911 .

219 940 363 1002 morendi
384 934 423 999 ad
444 934 691 1003 sacros'Ordiues
713 947 742 1004 iu
765 942 898 1007 Ecclesia
921 944 1125 1019 publicanturr
1147 942 1177 1009 in

221 1028 323 1086 nostro
350 1020 547 1100 Neapolitano
567 1023 673 1102 Regno
696 1026 788 1087 etiam
822 1016 1176 1087 minoribus'ordintbus
1259 1046 1260 1061 ,

168 1171 174 1175 ¹
222 1103 357 1175 initiandi
378 1103 597 1167 denunciantur
611 1103 716 1168 ¹trihus
737 1107 842 1188 diebus
871 1106 1038 1167 Dominicis
1060 1106 1109 1169 rel
1124 1101 1178 1169 Fe·
1258 1137 1259 1154 ,

220 1186 311 1245 stiris‘
326 1184 403 1245 inter
425 1185 587 1246 Missurum
610 1187 767 1256 solemnia.
1005 1259 1007 1263 ¹

194 1305 198 1311 -
218 1318 222 1323 .
255 1264 568 1343 .v11.}3xpendenoae
588 1274 659 1330 snut
674 1271 758 1330 nobis
772 1268 841 1329 illae
853 1269 1130 1345 conrb'tion'es.quae
1146 1266 1175 1341 in

218 1347 352 1409 Minores
360 1346 497 1411 Ordines
512 1350 743 1427 suscipientibus
756 1349 1072 1426 requiruntur.Pr,imo
1087 1367 1177 1425 prae·
1257 1350 1258 1413 i

219 1428 329 1507 cipitur
342 1430 378 1488 in·
390 1429 690 1506 uostroPoutificnli,
708 1438 741 1493 ut
756 1430 892 1493 Illioores
911 1428 1041 1493 Ordines
1063 1430 1102 1497 it't
1124 1432 1177 1515 titi

217 1514 320 1572 mitem
341 1511 472 1585 laticem
487 1515 626 1589 linpoom
639 1515 815 1591 intellipeot
826 1532 885 1591 pro
900 1522 1069 1591 temporum
1084 1513 1177 1590 ieter·
1256 1547 1259 1597 l

217 1593 309 1670 stitia,
329 1592 390 1652 aiei
411 1593 500 1653 aliod
516 1591 662 1673 Episcopo
681 1597 777 1671 mepte
797 1593 948 1663 videnter,
966 1592 1178 1670 conferantur.

157 1736 166 1758 ,
218 1671 264 1748 Ad
281 1690 408 1739 examen
425 1693 480 1751 pro
496 1675 667 1736 Minoribus
678 1670 842 1737 Ordinibus
857 1673 1035 1753 recipiendis
1051 1675 1177 1735 minime

216 1755 362 1815 accedere
385 1755 493 1831 potest,
512 1756 562 1831 qui
586 1756 709 1817 latinam
727 1759 860 1834 linguam
884 1775 942 1816 non
958 1761 1045 1817 antea
1061 1750 1174 1821 didice·
1256 1753 1259 1792 ⁵

181 1852 184 1857 ·
217 1836 274 1895 rit,
282 1834 373 1895 l'ub'et
388 1836 529 1907 secundo,
545 1838 681 1898 Minores
692 1837 829 1901 Ordines·
838 1836 997 1916 sejunctim
1018 1836 1176 1899 conteren-

216 1916 280 1990 dos,
291 1917 482 1994 singulosque
494 1935 550 1995 per
561 1925 644 1979 certa
657 1925 828 1996 temporum
846 1920 1012 1989 interualla,
1026 1920 1080 1977 nisi
1094 1918 1177 1980 aliud
1257 1978 1258 1995 2

216 2000 317 2071 risum
338 1998 432 2058 luerit
453 1998 603 2080 Episcopo
625 2002 664 2063 ob
677 2000 1084 2079 'Ecclesiaenec'essitatem
1108 2000 1175 2060 Mo·

216 2080 302 2141 rinus
323 2077 550 2141 Exercitatioee
568 2078 619 2141 XI
640 2083 716 2161 Cap.
734 2082 771 2143 11
792 2092 820 2142 et
840 2101 919 2162 seqq.
938 2084 981 2144 De
998 2079 1100 2142 Sacris
1117 2080 1176 2141 Or·
1257 2100 1258 2143 3

217 2159 549 2245 dinotiooiboediserte
564 2164 706 2233 ostendit.
723 2166 873 2225 neminem
896 2163 967 2222 olim
990 2162 1175 2233 Ordioeali-

216 2260 276 2318 quo
298 2243 414 2304 Minore
436 2244 624 2321 insignitum,
648 2246 685 2305 ad
708 2247 896 2309 ulteriorem·
909 2246 1000 2306 etiam
1018 2245 1172 2307 Minorem

216 2322 359 2390 Ordinem
382 2325 564 2393 ascendisse,
578 2328 633 2388 nisi
657 2327 823 2388 interstitiis
845 2327 982 2393 servatis,
996 2331 1027 2387 et
1043 2327 1083 2387 iu¹
1095 2326 1176 2385 illius
1259 2326 1260 2345 ³

216 2399 337 2474 Ordinis
356 2407 505 2469 exercitio
528 2407 717 2470 laudabiliter
729 2412 880 2480 -versatus
897 2414 1003 2489 esset,
1026 2411 1057 2469 et
1078 2407 1175 2497 quod·

219 2487 294 2547 dam'
312 2487 606 2568 qua'si‘l‘yrocintum
628 2490 838 2565 percurrisset,
862 2500 921 2565 quo
944 2507 976 2551 se
997 2490 1028 2548 in
1051 2489 1175 2564 maiori-
1218 2518 1220 2521 ·

219 2570 276 2629 bus
305 2567 509 2644 functionibus
542 2571 688 2647 obeundis
711 2570 852 2633 idoneum
884 2572 1049 2646 probasset.
1074 2565 1174 2631 Hodie
1258 2628 1259 2643 p

176 2695 178 2699 ,
216 2650 308 2721 eiiam
331 2647 485 2719 Ecclesiae
507 2658 639 2724 mentem
664 2670 741 2721 esse,
765 2659 800 2713 ut
820 2650 949 2712 Ordines
963 2651 1095 2713 Minores
1117 2668 1172 2728 per
1258 2644 1259 2697 l

217 2724 561 2810 intervalla‘temporum
578 2732 785 2805 conferantur,
800 2738 894 2811 utque
908 2735 937 2793 in
953 2734 1075 2795 illorum
1085 2749 1172 2793 exer·

216 2810 293 2873 ciliis
314 2811 423 2873 Clerici
446 2814 638 2890 probentur,
663 2816 840 2893 priusquam
863 2815 900 2873 ad
923 2816 1083 2877 ulteriores
1103 2831 1170 2891 pro·

217 2894 367 2957 vehantur
381 2893 521 2973 Ordines,
538 2896 651 2959 diserte
667 2895 755 2956 docet
769 2894 938 2966 Concilium
950 2895 1169 2957 Tridentinum.

218 2975 267 3037 Ab
288 2974 451 3037 Ordinibus
473 2977 642 3038 Minoribus
666 2974 707 3038 nd
726 2974 857 3054 majores
879 2994 1019 3049 ascensos
1041 2974 1169 3045 nemini,

217 3059 273 3119 nisi
296 3065 364 3139 post
378 3076 491 3119 annum
514 3059 713 3137 permittitur,
732 3054 787 3117 nisi
812 3059 984 3129 necessitas,
1001 3064 1054 3119 aot
1069 3056 1172 3119 Eccle-

198 3142 279 3212 siae
301 3140 414 3201 utilitas
435 3138 548 3222 iudicio
563 3139 706 3219 Episcopi
728 3138 808 3201 aliud
830 3136 1171 3217 exposcathecessita·

215 3225 278 3283 tem
299 3219 452 3283 Ecclesiae
474 3241 540 3283 eam
561 3228 672 3284 uocant
693 3218 853 3288 Doctores,
878 3238 948 3282 curn
969 3219 1115 3283 deliciunt
1137 3221 1167 3281 il·

208 3466 297 3527 euim
319 3464 393 3525 utile
415 3461 461 3525 est
488 3466 604 3543 aliquos
626 3465 767 3525 ordinare
796 3466 831 3524 ad
854 3460 1007 3539 Ecclesiae
1040 3464 1169 3531 ministess

214 3548 375 3619 rium,.et
396 3544 543 3623 maiorem
566 3548 658 3609 etiam
680 3549 820 3629 ornatum
842 3563 877 3607 ac
899 3546 1165 3629 splendorem-“..

98 3352 102 3358 .
216 3304 274 3365 lius
305 3302 447 3364 Ministri.
477 3292 766 3380 Nuncnpautrero
792 3298 946 3369 Ecclesiae
979 3302 1167 3369 utilitatem,

214 3383 446 3461 ¹quamiopeuci
467 3392 537 3462 sunt
557 3384 688 3447 Ministri
709 3384 912 3446 Ecclesiastici
945 3384 1042 3445 idonei
1061 3404 1069 3452 ;
1089 3390 1165 3445 tunc
1257 3400 1258 3417 ÷
