2567 4042
457 172 682 245 mmm·

14 301 15 352 ἶ
88 301 245 367 stolorum.
262 298 457 380 Designatum
471 302 625 364 Ecclesiae
639 300 841 365 aedificandae
852 300 950 366 locum
962 321 1041 381 aqua

86 383 244 458 henedicta
265 386 383 462 aspergi
400 386 523 456 dehere,
541 386 719 463 praesertim
741 402 814 445 vero
836 402 906 445 eum
929 386 985 445 loci
1002 386 1039 446 si-

86 474 161 535 tum,
177 466 230 526 uhi
251 463 332 526 Crux
355 467 450 543 positu
465 473 521 529 est.
545 467 644 527 Debet
665 467 842 545 Episcopus,
867 466 915 526 vel
937 466 1041 528 Sacer-

68 566 71 573 ·
88 550 140 620 dos
153 548 192 607 de
210 546 278 626 ejus
294 549 415 609 licentia
430 551 471 609 ihi
489 567 597 626 aquam
619 566 778 691 asspergere
801 548 987 610 benedict-am
1003 550 1040 611 ad

87 628 248 707 abigendas
259 630 328 691 inde
339 630 520 693 daemonum
531 632 644 709 phanta
662 648 716 690 ras.
727 628 1040 707 hntiphonaPsalmus

14 715 15 762 l
87 718 116 774 et
129 712 235 771 Oratio
257 712 473 792 totidempcne
487 714 588 773 verbis
608 718 691 773 extat
712 713 741 773 in
763 714 964 791 manuscripto
979 712 1042 773 Gu-

87 794 180 858 lielmi
198 791 332 856 Durandi
347 794 513 856 Pontificali
527 796 565 855 de
577 795 712 863 litania,
729 799 761 855 et
778 796 924 867 oratione,
942 791 1041 855 Actio·

87 885 282 950 menesteus
316 878 461 947 dicenda,
492 878 677 938 mentionem
710 874 782 939 iacit
803 878 1042 955 manuscriptum

14 1007 15 1016 2
87 955 260 1020 Pontificale
282 956 442 1035 Guglielmi
464 952 610 1021 Durandi.
629 958 729 1033 Quum
752 976 824 1019 vero
848 960 989 1035 antiquus
1003 960 1041 1021 sit

86 1040 173 1110 ritus,
189 1044 226 1101 ut
239 1040 501 1103 novaeEcclesiae
523 1041 717 1103 fundamenta
738 1042 868 1118 praeviis
890 1042 1040 1119 precibus,

87 1140 119 1190 ae
136 1122 265 1195 solemni
279 1122 317 1183 ad
331 1123 426 1203 ipsius
435 1119 664 1185 ’construendae
679 1123 832 1185 Ecclesiae
854 1123 1041 1201 designatum

86 1205 184 1266 locum
208 1206 396 1280 processione
419 1206 646 1275 dedicarentur,
671 1206 759 1266 docet
780 1224 834 1264 nos
855 1204 1040 1284 Porphyrius

87 1284 230 1347 Gazensis
252 1284 429 1365 Episcopus,
454 1288 504 1363 qui
526 1285 629 1347 lloruit
650 1288 770 1348 labente
792 1286 834 1347 lv
856 1287 985 1348 saeculo.

126 1365 168 1427 ll.
186 1363 277 1444 Apud
298 1368 557 1431 Latinos'morem
574 1370 604 1429 in
628 1370 732 1445 primis
753 1368 913 1445 aliquando
934 1368 1037 1443 luisse,

86 1456 119 1512 ut
138 1447 296 1511 Romanus
313 1450 449 1513 Pontifex
465 1452 597 1529 primum
615 1451 746 1529 lapidem
769 1452 903 1511 mitteret
917 1450 953 1509 ad
972 1468 1041 1510 cou-

86 1532 245 1593 struendas
258 1545 348 1593 novas
363 1534 521 1602 Ecclesiae,
535 1551 611 1610 quae
626 1534 681 1596 suh
705 1534 888 1611 protectione
905 1532 938 1617 S,
949 1532 1038 1601 Petri,

86 1619 116 1675 et
132 1612 316 1687 ¹Romanae,
341 1615 427 1677 Sedis
446 1614 695 1679 aedificabantur.
720 1614 790 1675 Fuit
811 1621 965 1693 praeterea
987 1614 1040 1673 ali·

84 1696 204 1771 quando
227 1714 303 1764 mos,
325 1704 360 1758 ut
380 1699 430 1761 uhi
453 1699 615 1775 primarius
629 1697 666 1757 ad
683 1699 915 1760 construendam
932 1714 1040 1757 novam

83 1775 251 1839 Ecclesiam
273 1780 311 1839 ah
332 1776 481 1857 Episcopo
501 1780 623 1858 proprio
646 1780 721 1857 lapis
743 1782 961 1855 imponebatur,
985 1778 1036 1838 alii

84 1858 369 1939 quoqueEpiscopi
390 1863 540 1924 adessent.
557 1861 659 1924 Multis
675 1862 797 1921 abhinc
820 1862 946 1925 saeculis
965 1862 1040 1921 ritus

84 1941 132 2004 ille
155 1942 278 2002 omuino
300 1951 448 2013 servatur,
464 1949 498 2005 ut
518 1940 685 2020 Episcopus
708 1943 830 2018 quidem
854 1946 985 2022 primum
1001 1942 1044 2005 lar

83 2024 185 2101 pidem
210 2022 240 2081 io
270 2043 364 2087 novae
393 2023 546 2087 Ecclesiae
575 2024 771 2085 fundamento
797 2034 897 2099 ponat.
928 2025 1039 2086 Variae

83 2105 176 2166 etiam
195 2103 350 2182 Reliquiae
366 2105 547 2184 Sanctorum
562 2106 732 2185 Martyrum
750 2123 892 2168 unacum
910 2106 1039 2167 vasculis

81 2188 228 2264 sanguine
253 2189 385 2263 ipsorum
411 2190 558 2267 respersis
580 2188 635 2248 sub
659 2189 722 2267 ipso
744 2189 842 2266 primo
865 2189 984 2265 lapide,
1008 2193 1040 2248 et

81 2270 111 2329 iu
140 2268 294 2331 Ecclesiae
324 2289 419 2332 novae
448 2272 584 2347 angulis,
611 2287 646 2331 ac
671 2270 728 2331 suh
759 2272 906 2347 parietum
933 2268 1038 2330 funda·

82 2352 192 2411 mentis
222 2354 425 2429 ponebantur..
449 2351 539 2428 Quod
567 2353 688 2428 quidem
720 2354 829 2413 mirum
859 2352 954 2429 videri
980 2370 1038 2413 non

82 2432 183 2501 dehet,
208 2449 277 2494 cum
292 2453 329 2495 cx
351 2434 561 2495 Ecclesiastico
581 2431 716 2496 Historia
738 2438 864 2504 constat,
889 2452 977 2511 super
991 2454 1037 2495 se-

80 2516 187 2591 pulcra
204 2516 374 2595 Martyrum
391 2516 563 2598 aedificatas
584 2515 676 2577 luisse
694 2516 852 2579 Ecclesias.
870 2515 1038 2595 Receptum

81 2601 244 2673 praeterea
263 2604 379 2660 moreni
401 2599 505 2670 luisse,
523 2606 556 2659 ut
578 2616 635 2658 uon
658 2599 747 2659 modo
771 2598 852 2660 Crux
874 2600 904 2657 in
926 2600 1038 2677 primae

81 2678 128 2738 rio
151 2678 250 2757 lapide
279 2681 520 2758 insculperetur,
543 2680 650 2741 sedet
674 2681 789 2759 epocha
816 2682 908 2759 ipsius
934 2680 1037 2758 lapidis

20 2822 25 2831 ,
82 2758 112 2818 in
135 2762 332 2824 fundamento
354 2757 625 2841 norae-Ecclesiae
647 2760 835 2823 collocandus
857 2763 1035 2840 signaretur.

14 2921 15 2926 ἵ
79 2838 208 2911 Mandu
227 2850 384 2921 praeterea
406 2842 580 2907 Pontificale
600 2845 794 2914 Romanum,
819 2849 854 2904 ut
880 2852 1036 2921 postquam

80 2926 301 2993 caementarius
314 2926 425 2992 locavit
440 2928 535 3004 ipsum
551 2928 729 3004 primarium
745 2928 874 3003 lapidem
890 2944 960 2987 curn
973 2944 1037 2989 cae·
1096 2950 1100 2959 ⁴

77 3010 207 3078 mento,
231 3004 398 3087 Episcopus
419 3011 541 3085 spargat
557 3026 647 3088 super
669 3008 798 3087 lapidem
820 3021 934 3085 aquam
950 3011 1037 3070 houe-
1079 3072 1083 3079 ,

76 3084 203 3159 dictam,
227 3089 346 3152 dicens:
370 3087 513 3169 dsperpes
533 3092 720 3170 melpuopo
741 3080 800 3151 et'c.
824 3106 894 3150 cum
915 3088 1033 3153 Psalmo

77 3165 225 3231 Miserere
240 3172 299 3231 mei
313 3174 403 3234 Deus.
422 3171 532 3232 Variae
545 3174 731 3250 aspersiones
746 3190 850 3249 aquae
863 3171 1036 3235 benedictae

76 3248 157 3321 fiunt
190 3252 219 3310 in
252 3254 317 3332 ipsa
341 3254 492 3318 iunctione
512 3253 556 3316 ¹ad
582 3254 743 3332 abigendos
773 3254 959 3327 daemones,
983 3254 1036 3335 qui

77 3348 154 3393 cum
169 3334 232 3410 pati
249 3353 306 3396 nou
328 3335 444 3415 possint
457 3350 613 3397 sacrarum
627 3336 757 3397 Aedium
773 3336 1037 3409 constructionem,

76 3412 186 3475 locum
208 3416 295 3477 illum
318 3418 459 3482 infestare
480 3422 644 3488 conantur;
667 3423 756 3493 atque
779 3416 849 3478 hinc
870 3425 932 3487 est,
956 3418 1035 3495 quod

77 3494 109 3556 in
131 3494 279 3561 Oratione
295 3500 324 3563 in
341 3498 528 3579 paragrapho
550 3499 668 3561 decimo
689 3502 791 3565 notata
813 3500 890 3566 inter
913 3501 970 3561 alia
992 3502 1033 3563 sic

78 3586 147 3641 orat
171 3578 450 3662 Sacerdosz'Sitpee
464 3579 505 3643 od
526 3582 644 3646 nostrae
665 3581 844 3647 humititatis
864 3583 1032 3650 introitura,
