2567 4042
590 165 834 277 'manans

243 333 308 398 ilios
330 334 473 413 adoptare
488 351 547 395 non
562 334 779 397 dubitaverint.
793 332 827 394 S.
843 332 1023 395 Benedictus
1038 333 1197 393 Monacbo·

242 437 311 478 rum
325 416 562 478 occidentalium
576 415 750 478 Patriarcba
762 414 955 495 Hymoorum
967 421 1090 475 cautum
1103 413 1196 492 Capi

242 499 376 578 Regulae
398 517 471 560 suae
494 499 717 577 praescribens,
741 501 799 561 hac
822 501 915 557 utitor
936 497 1091 557 turmula:
1127 495 1197 556 Inde

242 593 390 662 scqootor
405 578 654 641 Ambrosianum:
675 600 736 659 qua
756 597 832 642 voce
853 579 993 658 Hymoos
1014 580 1052 660 ab
1073 579 1197 639 Ambra

242 664 287 724 sio
319 665 500 740 compositos
523 664 675 739 indigitari
706 663 897 724 consentiunt
918 659 1049 738 Regulos
1072 660 1199 722 Benedi-

242 747 340 806 ctiooe
350 745 499 805 doctiores
510 746 708 822 expositores,
721 744 915 822 Smaragdos,
930 743 1106 812 Meonrdos,
1122 741 1201 802 Mar·

242 829 333 894 lene,
357 827 493 902 aliique,
517 836 547 888 et
569 827 726 890 coolirmat
748 826 918 887 Amatorios
941 825 969 884 io
993 824 1199 902 supplemento

242 909 278 968 ad
301 907 432 968 Librum-
453 919 597 986 qocrtom
632 910 668 969 do
690 909 808 971 Divinis
836 905 947 991 Officiis
968 907 1049 966 edito
1079 909 1120 967 ab
1140 904 1199 966 Ed·

241 991 354 1052 moodo
376 989 512 1050 Martene
534 993 646 1051 lomb
667 989 889 1052 Aooloctorom.
914 988 1040 1049 Praeter
1055 989 1199 1065 allegatos

242 1077 383 1133 auctores
412 1077 482 1132 sont
513 1077 545 1130 et
565 1074 615 1132 alil
643 1075 694 1151 qui
716 1071 856 1152 Hymnus
878 1072 1087 1148 scripserunt,
1113 1070 1201 1148 Syne-

241 1155 313 1224 sios,
338 1153 461 1215 Cosmas
484 1152 803 1234 Hierosolymitanos,
827 1155 955 1214 ioannes
975 1153 1197 1220 Damascenos,

241 1234 435 1313 Tirophancs,
460 1235 650 1308 Prudentius,
676 1238 768 1309 Beda,
791 1236 942 1304 sedulius,
966 1233 1123 1302 Paulinus,
1139 1231 1197 1291 Ve-

241 1320 359 1378 naotios
375 1314 569 1386 Fortunatus,
592 1318 754 1380 Fulbertos
768 1317 970 1387 Caroolcosis‚
994 1313 1111 1375 Paulos
1135 1313 1200 1373 Dia·

242 1418 347 1466 conos,
370 1399 502 1458 'ihomas
525 1399 561 1460 de
583 1401 716 1478 Aquino,
740 1402 853 1462 etalii.

282 1481 323 1540 11.
348 1479 416 1542 Huc
433 1487 549 1558 spectat
562 1483 744 1543 mentionem
760 1484 863 1544 iacere
884 1479 922 1541 de
937 1476 1124 1557 Hymnario‚
1149 1495 1200 1537 seu

242 1562 438 1642 Hymoorom
462 1563 549 1632 libro,
573 1582 665 1641 qoem
688 1565 784 1624 edidit
803 1562 968 1626 cardinatis
988 1559 1197 1626 Thomasios‚

242 1647 271 1705 in
301 1650 363 1704 tres
386 1648 487 1722 partes
515 1645 669 1716 dirisom3
699 1665 827 1723 quarum
849 1645 947 1723 prima
974 1661 1027 1703 eos
1056 1637 1197 1720 Hymnus

241 1728 397 1796 continet,
432 1727 482 1803 qoi
501 1745 557 1806 por
579 1729 656 1788 coni
678 1729 828 1790 circutum
850 1727 887 1786 ab
910 1724 1067 1802 antiquis3
1101 1742 1119 1783 a
1142 1740 1200 1782 mo·

241 1808 341 1868 deruis
363 1827 437 1868 vero
470 1807 505 1866 dc
531 1821 661 1888 temporo
689 1809 887 1888 appellantur.
917 1804 1053 1868 Secunda
1082 1806 1121 1866 de
1142 1803 1200 1863 Na·

241 1890 342 1950 talitiis
374 1889 565 1950 Sanctorum.
594 1890 694 1951 Tertia
725 1892 762 1951 de
789 1890 969 1968 quotidianis
1003 1903 1040 1946 ec
1073 1886 1198 1948 dirersis

241 1972 351 2032 causis.
377 1971 479 2031 Alium
502 1975 613 2047 pariter
635 1970 830 2052 Hymuorom
845 1971 954 2034 librum
978 1967 1131 2029 ediditP.
1147 1965 1199 2028 Ca·

241 2054 325 2115 roios
345 2051 485 2131 Guyetus
512 2052 582 2113 Soc.
606 2053 696 2125 lesu,
727 2055 778 2131 qui
801 2055 953 2132 reperitur
984 2053 1013 2110 iu
1040 2051 1127 2110 calce
1153 2050 1196 2109 soi

240 2135 471 2213 praeclarissimi
493 2137 591 2210 operis
613 2137 770 2212 inscripti:
795 2135 999 2213 Heorrotopia
1022 2151 1075 2191 ooo
1099 2131 1135 2190 do
1149 2129 1198 2190 Fe·

240 2217 294 2278 ctis
309 2216 445 2298 propriis
467 2215 661 2278 Sanctorum.
695 2217 729 2277 ln
757 2235 796 2280 ec
817 2217 986 2296 Hymuario
1019 2215 1143 2291 collegit
1168 2230 1198 2271 o·

241 2315 327 2359 mnes
349 2303 498 2374 quotquot
513 2316 550 2358 ex
566 2301 658 2358 variis
673 2299 789 2359 Galliae
804 2300 966 2360 Brevioriis
980 2295 1197 2356 Sanctorumre

241 2380 369 2458 propriis
393 2380 526 2456 reperire
549 2383 647 2456 potuit
667 2378 828 2458 Hymnos,
852 2396 963 2457 eosque
986 2379 1099 2455 triplici
1123 2377 1196 2438 serie

241 2461 396 2537 disposuit.
423 2462 522 2521 Aliam
538 2461 731 2542 Hymnorum
748 2453 970 2528 collectionem,¹
988 2459 1075 2533 juxta
1098 2476 1196 2520 veram

241 2544 329 2602 metri
352 2548 385 2602 et
407 2543 559 2602 latinitatis
583 2561 719 2604 normam
742 2545 879 2606 ediderat
900 2543 971 2603 olim
986 2540 1106 2601 Romae
1128 2541 1194 2600 Zac·

240 2624 358 2683 charias
372 2623 538 2684 Ferrarius.
563 2624 703 2704 Hymnos
724 2633 757 2687 ct
777 2627 884 2687 Preces
898 2625 1022 2685 Latinae
1044 2624 1195 2683 Ecclesiae

241 2707 362 2782 collegit
383 2707 473 2766 etiam
490 2705 638 2785 Georgius
654 2707 831 2774 Cassander,
855 2725 934 2784 quae
950 2722 1008 2766 oua
1032 2723 1103 2764 cum
1120 2703 1193 2782 ejus·

241 2787 308 2848 dem
332 2789 361 2846 in
384 2785 521 2865 Hymnus
545 2791 631 2856 notis,
656 2795 722 2850 tum
746 2790 873 2851 seorsim
890 2786 1043 2854 Coloniae,
1067 2795 1133 2847 tom
1155 2785 1194 2842 io·

241 2877 288 2931 ter
311 2869 378 2948 ejus
399 2887 490 2945 opera
511 2871 633 2930 Parisiis
654 2889 766 2932 excusa
788 2873 941 2948 leguntur,
975 2868 1082 2929 Plures
1105 2869 1192 2930 eliam

240 2957 362 3030 praeter
382 2948 443 3028 jam
467 2951 604 3012 laudatos
627 2953 845 3014 commentaria
878 2955 907 3012 in
930 2960 1032 3010 sacros
1059 2951 1192 3030 llymoos

239 3033 424 3095 ediderunt:
448 3031 628 3094 celebriores
650 3039 722 3094 sont
744 3034 878 3096 Donatus
900 3035 1015 3102 Macra,
1039 3035 1089 3107 qoi
1111 3047 1190 3092 coar·

239 3117 369 3177 rationes
391 3114 544 3193 evolgavit
565 3117 593 3174 in
618 3113 756 3193 Hymoos
779 3135 895 3183 omnes,
920 3115 971 3190 qoi
986 3119 1145 3174 cantantur
1164 3113 1191 3170 lo

239 3197 372 3258 Ecclesia
396 3213 451 3273 per
473 3215 595 3258 annom.
620 3197 747 3258 loannes
769 3197 904 3274 Baptista
925 3195 1119 3261 Possevioos,
1141 3194 1189 3269 qui

239 3277 366 3338 Romani
381 3279 526 3338 Brei'iarii
542 3277 681 3356 Hymnus
703 3281 801 3340 italica
816 3282 917 3358 lingua
940 3278 1072 3341 donavit,
1097 3276 1189 3336 addita

241 3358 364 3437 singolis
392 3360 497 3419 morali
528 3361 744 3436 explicatione.
770 3360 939 3440 'Gregorius
966 3356 1188 3418 Valentinianis

240 3443 291 3514 qui
315 3442 441 3516 scripsit
455 3441 658 3520 Hymuodiam
688 3442 867 3504 Sanctorum
889 3440 1035 3507 Petrum,
1068 3457 1145 3516 qoae
1171 3456 1187 3498 a

238 3518 346 3580 Sancta
357 3521 492 3583 Romana
506 3521 639 3584 Ecclesia
657 3542 711 3598 per
726 3543 837 3585 annom
852 3523 1004 3584 decantari
1014 3521 1101 3587 solet,
1113 3532 1187 3580 com·

238 3603 392 3664 montariis
415 3605 573 3665 uberrimis
594 3607 782 3684 explicatam,
795 3607 932 3670 Venetiis
941 3605 1121 3683 impressam
1138 3615 1189 3662 ab·
