2567 4042
480 204 706 277 willim-

110 334 280 395 Cbristum.
305 333 465 397 Praeterea
488 334 626 413 Apostoli
648 340 719 397 tuno
742 334 995 411 disperderent,
1019 333 1069 408 qui

110 420 189 478 alios
209 419 246 477 ad
269 418 431 477 Dominum
454 418 584 479 inritare
605 422 835 478 consueverant.
860 414 996 477 Psalmus
1021 414 1074 475 Vc·

109 500 174 559 nito
196 500 376 575 quibusdam
397 499 536 560 Patribus
558 517 623 559 esse
645 500 764 559 videtur
786 498 976 575 paraenetica
1004 510 1073 555 ora·

110 583 156 643 tio
185 584 221 641 ed
245 582 371 641 ludaeos
401 581 594 650 incredulos,
628 587 662 641 ut
685 579 783 641 lesum
813 578 964 639 Christum
988 579 1069 637 exci-

111 664 208 741 piant,
232 666 389 738 rictasque
413 663 492 724 illius
514 663 740 739 praedicationi,
765 668 795 721 et
816 659 971 737 Evangelii
995 660 1073 719 veri-

111 746 167 805 tati
190 763 296 806 manus
319 747 413 813 deut,
437 763 537 821 neque
559 744 711 824 majorum
734 744 931 821 pertinaciam
954 743 1072 801 imiten-

110 834 176 887 tur.
193 829 253 887 Alii
269 828 305 886 ad
317 828 487 887 libertatem
505 846 521 886 e
536 827 709 903 captivitate
724 825 903 903 Babylonica
918 824 1070 902 rejiciunt.
1122 846 1125 853 ·

111 907 147 969 S.
173 910 300 969 Basilius
322 914 353 967 et
374 908 585 969 Theodoretus
607 907 713 986 ajunt,
748 905 918 976 Davidem,
943 923 1012 967 eum
1036 921 1072 965 ea

109 1008 191 1068 quae
212 992 269 1051 sub
291 989 387 1050 losiae
410 1008 503 1067 regno
524 997 653 1052 ventura
676 995 770 1055 erant,
796 990 971 1067 prophetice
985 1006 1072 1065 prae-

110 1074 248 1137 vidisset,
272 1073 354 1132 hunc
376 1073 528 1148 psalmum
551 1090 702 1141 exarasse,
728 1089 787 1146 quo
804 1072 929 1149 populos
950 1072 987 1130 ad
1010 1070 1071 1129 Do·

109 1154 186 1213 mini
208 1154 321 1215 cultum
341 1160 431 1230 atque
452 1154 631 1229 obsequium
654 1157 822 1213 revocaret.

498 1315 626 1378 CAPUT
646 1314 689 1377 X.

491 1496 535 1540 DE
559 1496 694 1541 HYHNIS.

153 1642 178 1703 l.
201 1639 317 1719 Hymni
339 1660 467 1719 graece,
491 1641 609 1703 Laudes
631 1642 733 1703 latine.
764 1640 840 1701 Sunt
861 1641 941 1701 enim
965 1644 1071 1699 cantus

110 1724 232 1784 laudem
255 1726 439 1786 continentes
460 1724 528 1786 Dei,
552 1722 597 1786 De
612 1723 806 1803 Hymnorum
829 1724 944 1801 origine
968 1738 1072 1799 super·

112 1805 210 1866 fluum
233 1805 292 1865 hoo
314 1807 379 1865 loco
401 1824 560 1866 censemus
581 1807 681 1881 aliqua
704 1823 819 1881 agere,
855 1823 924 1867 oum
948 1803 1071 1880 plurimi

112 1888 152 1948 de
171 1905 207 1947 ea
224 1905 256 1946 re
271 1888 390 1964 copiose
405 1906 439 1947 ao
454 1889 572 1947 erudite
588 1889 772 1964 scripserint,
786 1892 817 1946 et
829 1892 1018 1965 compertum
1034 1887 1072 1945 sit

116 1970 196 2044 apud
212 1986 316 2029 omnes
333 1988 389 2029 non
405 1969 495 2029 modo
510 1971 547 2028 ab
562 1968 722 2042 Hebraeis,
740 1968 897 2031 sedetiam
915 1970 951 2027 ab
967 1968 1072 2028 Ethai·

113 2051 159 2111 cis
173 2052 276 2111 inanes
293 2052 426 2127 ipsorum
451 2048 530 2110 Deos
552 2051 675 2129 hymnis
698 2052 787 2111 luisse
804 2051 981 2129 celebratos.
1006 2047 1072 2109 Hu-

110 2132 244 2211 jusmodi
268 2129 460 2209 Hymuorum
476 2140 614 2193 auctores
635 2131 867 2213 Hymnographi
890 2132 960 2193 dicti
984 2136 1067 2203 sunt;

110 2217 190 2274 iuter
212 2232 264 2273 eos
287 2220 389 2275 autem
411 2214 603 2275 celeberrimi
625 2215 750 2276 luerunt
771 2212 884 2281 Linus,
909 2214 1066 2285 Musaeus,

109 2294 320 2372 Caliymacbus
352 2302 383 2355 et
403 2293 568 2356 Homerus.
598 2298 847 2372 Antiquissimum
880 2314 945 2355 esse
979 2297 1069 2355 ritum

111 2380 143 2437 in
165 2378 299 2440 Ecclesia
322 2379 458 2436 cantandi
480 2375 619 2456 Hymnos
640 2380 670 2439 in
693 2379 811 2440 laudem
837 2375 902 2447 Dei,
927 2377 1070 2453 Augusti-

111 2457 400 2535 nueEpistolo'iw
414 2465 445 2519 et
460 2465 527 2535 post
542 2461 639 2537 ipsum
656 2458 820 2520 Concilin'm
837 2458 1014 2519 Toletanum
1026 2456 1069 2517 tv

110 2540 219 2602 Cen.3
242 2544 388 2605 asserunt,
412 2540 492 2617 quod
514 2540 551 2599 de
565 2538 696 2619 Hymnis
719 2542 747 2599 in
763 2539 896 2603 Ecclesia
919 2540 1068 2609 canendis,

111 2629 144 2683 et
165 2624 258 2701 ipsius
274 2620 403 2687 Domini,
426 2629 457 2682 et
472 2620 682 2696 Apostolorum
705 2623 854 2683 habemus
876 2624 1067 2693 documenta,

108 2709 144 2765 ,et
164 2706 313 2779 exempla:
338 2720 416 2778 quae
438 2702 559 2777 quidem
587 2706 665 2765 mire
686 2702 866 2763 confirmant
887 2704 919 2764 P.
944 2704 1070 2765 Gavanti

113 2786 227 2845 dictum
242 2785 414 2851 asserentis,
438 2783 633 2862 Hymuorum
658 2805 744 2846 usum
775 2804 840 2847 esse
864 2787 1068 2862 Apostolicum

113 2868 282 2933 inventum,
305 2870 400 2926 immo
422 2867 610 2927 aSalvatore
623 2868 728 2927 deduci
746 2886 843 2945 posse.
868 2868 925 2939 Qut
940 2870 1069 2944 primum

111 2946 251 3027 Hymnus
272 2949 399 3009 ediderit
422 2949 449 3007 in
466 2946 609 3014 Ecclesia,
634 2950 783 3009 incertum
801 2951 922 3009 omnino
937 2951 1066 3008 videtur.

113 3030 144 3091 S.
168 3029 300 3090 Isidorus
321 3026 386 3089 Lib.
406 3028 425 3087 1
447 3028 482 3088 do
502 3026 615 3111 Officiis
634 3032 850 3091 Ecclesiastiois
872 3029 944 3105 Cap.
970 3029 989 3089 6
1012 3030 1069 3089 hoc

110 3110 230 3173 Hilario
256 3111 334 3171 laudi
358 3111 473 3178 tribuit,
497 3112 574 3186 quod
598 3109 791 3190 Hymuorum
807 3114 939 3171 carmine
962 3111 1070 3172 claruit

109 3194 239 3273 primus.
257 3191 289 3252 ld
306 3199 407 3253 tamen
421 3193 460 3252 de
473 3191 585 3253 Latinis
600 3191 793 3272 llymnorum
811 3194 983 3254 auctoribus
1005 3210 1068 3253 om·

112 3277 180 3335 uiuo
191 3274 369 3352 capiendum
385 3280 443 3343 est,
459 3274 604 3349 siquidem
620 3293 657 3334 ex
670 3274 801 3335 Eusebio
815 3294 871 3335 uon
889 3276 977 3335 modo
989 3273 1069 3337 The-

112 3364 263 3433 rapeutas‚
281 3357 332 3416 sed
355 3363 387 3415 et
402 3356 475 3416 alios
496 3356 660 3432 scriptores
675 3372 799 3431 graecos
822 3358 907 3435 longe
930 3363 997 3417 ante
1013 3354 1068 3417 Hi-

112 3438 179 3497 larii
192 3444 328 3513 tempora
339 3435 479 3514 Hymnos
493 3440 699 3514 composuisse
716 3444 904 3515 compertum
917 3442 973 3499 ost.
983 3435 1068 3501 Hila-

111 3519 148 3578 rii
171 3521 293 3598 vestigia
316 3524 436 3580 secutus
458 3519 636 3579 Ambrosius
666 3520 766 3595 plures
787 3516 926 3599 Hymnos
947 3524 978 3581 et
1005 3520 1067 3596 ipse

112 3604 299 3681 conscripsit,
323 3601 400 3661 adeo
420 3601 643 3663 commendatos
664 3601 825 3674 Ecclesiis,
851 3608 883 3665 ut
906 3604 1067 3680 pleraeque
