2567 4042
593 172 798 245 Μῖω·

215 305 249 362 ot
268 318 326 360 non
344 298 458 361 debere
479 300 643 378 baptizatos
665 303 720 363 nisi
742 305 780 364 ab
796 300 951 383 ¹Episcopo
980 303 1167 382 consignari,

214 388 247 443 et
266 383 324 443 rite
345 384 427 443 omni
448 384 573 444 sabbato
598 382 728 461 jejunari
756 384 899 446 Decentio
921 382 1079 463 Eugubino
1100 381 1170 463 lipi-

211 478 305 542 senpo
325 466 487 543 rescripsit.
499 463 827 542 Sanctusdoelestinus
848 468 982 544 epistola
994 468 1033 527 ad
1054 468 1171 528 Provin-

213 547 280 607 ciae
290 547 466 609 Viennensis
480 553 512 609 et
524 546 728 610 Narbonensis
742 550 919 627 episcopos,
936 567 1007 611 cunr
1020 551 1051 609 in
1067 568 1103 609 ea
1117 548 1170 609 sei·
1257 564 1258 571 ¹

213 626 286 689 lieet
306 628 472 691 Galliarum
492 632 612 709 regione
646 638 807 709 usurpatus
835 648 899 691 mos
921 649 938 690 a
960 630 1171 693 Sacerdotibus

213 709 333 783 iuerat,
357 712 443 773 utin
464 729 549 773 sacra
569 731 610 773 re-
624 712 794 791 peragendn
816 713 912 791 palliis
934 713 1115 790 quibusdam
1139 717 1169 773 el

214 792 340 872 cingam
372 798 552 866 uterentur,
585 812 660 856 eamr
688 794 935 857 consuetudinem
967 796 1109 873 reprobat
1140 798 1172 855 el
1254 790 1258 823 ³*

214 876 379 937 tollendam
398 892 465 937 esse
483 874 582 953 jubet.
604 875 731 937 Sanctus
753 875 816 939 Leo
837 876 963 955 Magnus
989 880 1020 939 in
1042 896 1099 938 sua
1120 892 1172 937 no·
1254 876 1258 929 l

213 974 256 1017 na
284 959 322 1018 ad
357 956 537 1018 Dioscorum
572 957 773 1021 Alexandriae
809 959 980 1021 antistitem
1016 957 1170 1037 epistola,
1253 958 1258 1031 l

213 1038 392 1117 praescribit
417 1040 523 1100 iterari
540 1039 729 1101 Sacrificium
751 1038 993 1102 Eucharistioum
1014 1043 1045 1101 in
1066 1042 1105 1103 iis
1126 1056 1173 1101 ec·

213 1120 314 1183 clesiis
345 1137 453 1198 quae,
488 1140 560 1199 prae
591 1122 808 1185 confluentium
841 1120 975 1185 fidelium
1004 1122 1173 1185 multitudi*
1253 1144 1258 1195 3

214 1220 275 1271 ne,
298 1204 353 1265 toti
381 1206 559 1266 continendo
580 1204 691 1285 populo
718 1207 849 1282 impares
871 1213 963 1267 suat:
992 1206 1027 1266 ln
1052 1202 1172 1267 Siciliae

213 1302 288 1345 vern
308 1283 496 1365 episcopas,
521 1289 601 1363 quod
624 1288 674 1349 die
694 1284 1004 1365 sanctolipiphaniae
1018 1288 1173 1365 baptisma
1257 1334 1258 1340 κ

151 1376 158 1387 ·
213 1368 417 1429 ministrarent
430 1387 567 1441 ‚severa
589 1366 803 1449 rephreusione
824 1370 1048 1431 animadvertit.
1071 1368 1173 1430 Sancti
1253 1400 1254 1427 t

213 1446 349 1529 Gregorii
371 1451 473 1528 Magni
494 1451 595 1512 variae
617 1452 697 1512 circa
717 1452 881 1529 Liturgiam
905 1452 1105 1513 ordinationes
1121 1451 1174 1512 ha·
1254 1462 1255 1503 i

213 1530 334 1593 bentnr.
356 1531 392 1592 ln
406 1552 462 1594 sua
475 1535 514 1593 ad
528 1533 859 1594 SanctumLeandrum
869 1530 1092 1611 ¹llis'paleusem
1102 1530 1178 1612 Epi·-
1254 1552 1255 1559 ¹

212 1630 339 1689 scopum
360 1615 506 1691 approbat
527 1618 648 1676 unicam
670 1618 701 1675 in
716 1614 861 1693 Hispania
874 1614 940 1676 fieri
963 1617 1173 1696 baptismalem
1255 1650 1256 1658 κ

82 1706 86 1712 ’
212 1694 449 1757 immersionem.
462 1698 625 1775 Praecipue
636 1716 708 1759 vero
723 1700 887 1759 attentione
903 1697 1024 1777 dignum
1040 1702 1088 1759 est
1103 1696 1174 1758 San·
1254 1748 1255 1759 ,

35 1794 40 1803 ·
213 1777 255 1838 cti
266 1775 403 1856 Gregorii
413 1776 514 1857 Magni
536 1780 727 1856 rescriptum,
751 1796 816 1855 quo
833 1781 1002 1859 praecipuis
1017 1778 1172 1840 Ecclesiae
1254 1816 1255 1827 κ

211 1854 449 1921 Ravennateosis
480 1859 659 1924 Diaconibus
691 1878 782 1925 usum
814 1863 973 1943 mappulae
999 1862 1169 1941 permittit,

212 1942 339 2003 caeteris
360 1959 434 2003 vero
455 1941 577 2005 Clericis
599 1942 771 2015 interdicit,
796 1961 855 2004 non
875 1944 1011 2005 obstante
1027 1944 1174 2006 contraria
1210 1934 1213 1943 ¹
1254 1976 1255 1979 =

212 2022 293 2086 illius
313 2023 466 2085 Ecclesiae
494 2026 720 2087 consuetudine.
744 2025 829 2086 ldem
856 2023 1017 2105 Gregorius
1044 2027 1174 2102 Magnus

212 2102 274 2165 Ore
295 2106 346 2177 'o‚
370 2106 520 2187 Agapensi
547 2108 577 2167 in
599 2106 703 2169 Galliis
724 2106 897 2186 Episcopo,
929 2108 1102 2169 laenitatem
1132 2105 1174 2166 le-

212 2187 255 2249 cit
274 2124 474 2251 {almaticam‘
501 2190 662 2265 gestandia
694 2204 755 2267 quo
783 2189 938 2268 privilegio
966 2190 1059 2266 ipsius
1080 2188 1174 2250 etiam

211 2267 468 2332 Archidiaconum
489 2271 621 2333 donavit.
909 2304 910 2313 κ
1017 2291 1020 2297 ·

252 2351 293 2412 ll.
317 2352 365 2430 Ad
386 2353 524 2429 sequiora
538 2370 610 2413 vero
631 2358 769 2427 tempora
784 2352 809 2412 si
825 2352 1043 2422 deveniamus,
1067 2352 1172 2413 sedem

211 2431 416 2509 Apostolicam
438 2437 589 2511 magis-ac
612 2435 709 2511 magis
732 2434 806 2495 huic
829 2434 866 2495 de
888 2454 921 2496 re
943 2434 1095 2512 Liturgica
1118 2434 1172 2495 Le·

210 2514 359 2593 gislationi
379 2517 606 2577 incumbentem
628 2515 804 2593 reperimus.
822 2514 948 2578 Sanetus
969 2532 1077 2594 nempe
1098 2516 1173 2578 Gre-

210 2598 311 2673 gorius
333 2596 392 2658 vll
412 2599 442 2658 in
464 2596 609 2677 Hispania
631 2596 799 2667 Romanam
830 2598 995 2677 Liturgiam
1014 2600 1174 2667 ‚.sublata

149 2734 153 2745 ,
204 2677 424 2759 Mozarabiea,
454 2681 593 2757 usurpari
620 2680 776 2758 praecipit.
790 2732 792 2735 .
806 2678 977 2743 Alexander
1002 2678 1047 2740 lll
1073 2680 1174 2741 Beati·

209 2756 361 2822 litationis
383 2759 674 2823 &canonizationis
707 2778 814 2823 causas
836 2763 899 2824 sedi
922 2761 1114 2841 Apostolicae
1144 2762 1174 2821 in

209 2847 363 2920 posterum
398 2847 564 2904 reservatas
604 2844 756 2905 decernit,
785 2843 925 2907 Clemens
957 2843 1001 2904 lV
1035 2843 1171 2904 Domini-

208 2938 353 2986 canorum
380 2925 547 3002 Liturgiam
573 2926 616 2986 ita
646 2925 851 2999 determinat,
884 2933 920 2988 ut
937 2924 1002 3004 jam
1031 2926 1061 2985 in
1090 2925 1172 2988 nulla

120 3028 123 3034 ⁴
207 3022 242 3067 re
263 3008 359 3085 possit
388 3007 453 3067 sine
480 3005 610 3067 Romani
642 3006 793 3069 Pontificio
825 3008 999 3071 anctoritate
1028 3008 1173 3069 immuta·

206 3088 255 3147 ri..
278 3087 406 3151 Sanctus
436 3088 508 3149 Plus
540 3088 576 3150 p»
601 3090 763 3152 universali
799 3091 865 3168 lege
900 3089 1064 3151 relormato
1084 3088 1112 3151 'a
1137 3108 1172 3151 se

207 3170 323 3231 blissali
342 3178 374 3233 et
401 3170 555 3232 breviario
574 3173 652 3233 ritus
673 3170 771 3233 Latini
793 3168 945 3233 Ecclesiae
972 3168 1097 3250 (paucis
1119 3190 1171 3232 ex·

207 3250 313 3333 ceptis)
333 3250 465 3330 subjicit
484 3252 620 3315 Similem
631 3258 745 3330 postea
766 3254 865 3331 legem
888 3252 1083 3315 Successores
1104 3252 1172 3331 ejus

208 3333 308 3410 quoad
335 3331 536 3405 Pontificem,
569 3334 796 3397 Caeremoniale
814 3334 973 3407 „rituale
1000 3340 1032 3397 et
1055 3332 1171 3414 Marty-

208 3415 358 3493 rologium
390 3414 512 3477 edicunt
539 3423 630 3494 atque
662 3418 754 3478 simul
781 3434 851 3492 suas
878 3415 1081 3479 Orientalibus
1113 3414 1170 3476 Ec-

205 3495 308 3558 olesiis
328 3495 501 3575 Liturgias,
522 3497 586 3577 iam
613 3516 632 3559 a
655 3497 756 3570 nullo,
780 3504 899 3578 praeter
919 3498 998 3561 sedis
1020 3496 1170 3575 Apostoli·

204 3582 266 3639 ca'e'
282 3580 422 3651 veniam,
445 3579 647 3643 immutandas
680 3582 847 3659 imponunt.
873 3576 912 3641 lit
934 3580 1055 3643 undem
1087 3580 1169 3641 insti·
