2567 4042
621 199 845 273 &⁸258ss

260 330 532 390 excommunicatio
553 347 607 408 pro
622 329 808 405 gravioribus
824 327 920 407 culpis
935 331 1008 390 terri
1024 331 1121 397 debet,
1137 347 1203 389 can·

260 417 324 472 turn
347 412 534 487 estquidam
556 430 594 472 ex
615 412 714 472 Sacris
735 411 922 482 Candnibus,
946 418 977 472 et
998 413 1087 470 uariis
1109 412 1205 471 Ponti-

260 491 394 554 fioalibus
404 492 513 562 Libris,
525 498 560 552 ut
572 494 721 571 Episcopo
741 495 1077 554 excommunicationem
1100 491 1204 553 serenti

260 575 419 637 duodecim
432 574 604 653 Presbyteri
617 577 767 647 assistant,
784 575 920 636 candelas
941 576 1079 636 ardentes
1100 575 1130 635 in
1145 591 1205 634 ma-

260 658 348 718 nibus
370 664 516 718 tenentes.
534 658 620 717 Ritus
641 658 780 718 candelas
795 659 932 718 ardentes
954 659 982 716 in
1006 656 1144 716 manibus
1166 660 1205 714 tc-

259 741 359 811 nendi‚
375 757 496 817 easque,
515 741 705 814 pronuntiato
727 742 929 810 anathemate,
943 741 1099 807 interram
1116 735 1206 814 proji-

257 822 380 888 ciendi,
404 821 658 897 quemadmodum
674 821 845 883 Pontihoalc
868 821 1068 898 praescribit,
1092 825 1139 878 cst
1160 837 1205 879 re-

258 904 400 964 centioris
420 903 567 972 instituti,
596 903 664 962 solis
687 903 798 964 Latinis
819 910 930 968 notus,
955 901 1077 964 Graecis
1104 901 1205 960 hacte

249 1003 315 1045 nus
338 985 537 1062 ignotus-nti
558 989 644 1044 notat
656 983 841 1048 Christianus
856 985 958 1064 Lupus
972 983 1066 1043 Tomo
1077 981 1107 1042 V
1118 982 1205 1044 ,Solio-

256 1067 301 1126 lio
322 1068 357 1127 in
373 1067 511 1128 Conooes
528 1084 596 1143 pag.
613 1065 686 1126 829.
703 1065 782 1128 Eum
805 1087 862 1127 non
878 1085 943 1128 esse
966 1063 1205 1142 antibuissirnum

204 1220 206 1223 Υ
257 1147 370 1210 latetur
391 1147 499 1208 ibidem
523 1165 590 1226 pag.
614 1147 675 1207 830
696 1148 819 1226 Lupus,
836 1149 978 1224 dicitque
1007 1167 1039 1208 se
1066 1148 1203 1224 ignorare

256 1232 451 1290 vetustiorem
473 1228 538 1307 ejus
561 1228 751 1295 m’emoriam,
775 1249 866 1308 qnam
887 1247 905 1289 a
926 1229 1132 1290 Lemoviceosi
1150 1227 1202 1304 Sy-

257 1311 336 1371 nodo
357 1311 505 1374 celebrata
527 1330 604 1372 anno
622 1312 713 1372 1031.
730 1313 814 1374 Licet
840 1311 991 1374 lateamus
1006 1313 1101 1371 ritum
1123 1311 1201 1371 hunc

255 1394 361 1471 primis
382 1394 535 1455 Ecclesiae
557 1395 684 1456 saeculis
706 1392 796 1456 luisse
817 1396 976 1472 ignotum,
1006 1393 1202 1454 nihilominus

256 1492 325 1535 eurn
348 1477 439 1536 luisse
461 1476 489 1533 in
512 1473 645 1536 Ecclesia
668 1481 771 1536 notum
794 1476 994 1537 antedictum
1018 1474 1196 1554 synodum,

255 1558 400 1618 evincitur
413 1576 450 1617 ex
462 1556 614 1632 lieginone
626 1558 743 1618 Ablata
758 1557 926 1619 Prumiensi
941 1559 991 1634 qui
1006 1555 1110 1616 tloruit
1125 1556 1201 1616 circa

253 1638 370 1708 initium
392 1640 483 1699 seculi
505 1637 559 1709 X3
583 1640 718 1718 adeoque
739 1642 853 1716 integro
876 1639 962 1699 facilc
985 1640 1107 1700 saeculo
1136 1639 1201 1696 ante

255 1721 366 1780 dictam
382 1719 549 1798 Synodum.
566 1721 625 1782 Hie
648 1740 665 1780 a
765 1722 838 1790 Lib.
855 1719 883 1780 ll
899 1719 943 1780 Dc
957 1720 1133 1800 disciplinis
1148 1715 1201 1778 Ec·

256 1803 425 1862 clesiosticis
445 1799 517 1878 Cap.
536 1801 597 1861 toa
618 1803 697 1864 refer
732 1804 892 1864 formulam
916 1801 1200 1864 excommunicatio·

255 1884 302 1942 nis
324 1900 393 1943 curn
415 1883 472 1943 hac
495 1884 643 1945 clausula:
667 1887 742 1944 sicut
756 1888 809 1945 lae
822 1888 965 1944 lucernae
980 1885 1200 1961 extinguuntur

254 1966 288 2024 in
309 1967 404 2026 oculis
424 1969 555 2036 cestris,
582 1969 627 2026 ito
649 1967 794 2044 goudium
822 1986 922 2028 corum
948 1968 1150 2042 cotinpnotnr
1169 1963 1200 2026 in

253 2057 408 2127 conspectu
427 2046 480 2108 SS.
497 2045 690 2128 ,togatorum
714 2050 773 2108 nisi
795 2059 864 2110 onte
884 2055 1006 2108 mortem
1028 2047 1068 2106 od
1083 2043 1201 2121 solisso-

255 2130 380 2190 ctioncm
400 2129 547 2197 ornarint.
628 2128 632 2134 ’

295 2210 365 2272 Vll.
389 2211 448 2272 Sed
463 2230 519 2290 age
539 2213 723 2289 explicemus
743 2212 858 2290 singula
874 2211 1015 2272 solemnis
1029 2225 1198 2270 excommu-

253 2294 409 2354 nicationis
429 2293 579 2372 adjuncta,
596 2313 673 2370 qnae
696 2292 816 2370 quidem
832 2296 949 2370 egregie
966 2297 1086 2354 enarrat
1099 2289 1199 2352 erudi·

252 2380 301 2435 tus
323 2373 355 2435 P.
379 2373 562 2452 Raynaudus
583 2377 612 2435 in
634 2376 745 2436 Libro:
769 2377 813 2435 Do
827 2373 999 2436 Monitoriis
1014 2372 1196 2432 Ecclesiasti-

253 2458 304 2524 cis,
327 2453 416 2518 Parte
436 2456 465 2518 11
485 2456 558 2534 Cap.
574 2458 642 2520 Vll.
659 2456 834 2535 Episcopus,
857 2456 963 2534 inquit,
986 2461 1018 2517 et
1039 2452 1194 2515 duodecim

253 2537 441 2608 Sacerdotes,
472 2537 624 2600 Christum
648 2544 679 2602 et
700 2539 916 2602 duodenarium
938 2555 1099 2600 nnmerum
1120 2533 1199 2609 Apo·
1259 2599 1260 2602 Ἴ

254 2619 402 2680 stolorum
422 2629 670 2698 repraesentantr
694 2619 948 2698 significaturque,
971 2636 1077 2680 eorum
1100 2619 1196 2677 ancto-

254 2701 345 2761 ritate
373 2721 408 2762 ac
428 2703 459 2761 in
476 2703 615 2782 ‘ipsorum
648 2720 772 2782 persona
793 2703 906 2763 vibrari
928 2701 1110 2764 anathema..
1123 2695 1196 2757 Ilur-

238 2800 306 2842 -sus
327 2786 406 2844 cerei
427 2784 568 2848 ardentes
606 2781 774 2862 siguificare
806 2786 903 2864 primo
924 2787 1049 2863 possunt
1074 2779 1197 2840 horren·

254 2864 323 2924 darn
338 2867 594 2940 maledictionem,
608 2886 666 2945 qua
680 2867 830 2928 feriuntur
847 2867 897 2944 qui
911 2865 1117 2944 percelluntur
1133 2875 1194 2920 ana·
1259 2875 1260 2892 ³

254 2945 401 3009 themate.
417 2947 493 3008 Nam
516 2951 605 3010 etiam
620 2949 740 3010 Psalmo
755 2945 835 3008 LVll
851 2948 992 3024 irrogatio
1005 2960 1119 3022 poenae
1134 2957 1196 3020 gra·

253 3029 394 3090 vissimae
415 3029 600 3108 significatur
621 3031 725 3094 verbis
752 3031 833 3091 illis:
862 3025 1065 3110 supercecidit
1092 3025 1192 3104 ignis,

253 3120 283 3172 et
304 3130 366 3171 non
387 3111 528 3174 ciderunt
548 3118 644 3175 solem.
669 3115 714 3174 Eo
735 3113 836 3189 itaque
862 3113 1013 3192 pertinere
1034 3111 1132 3186 potest
1152 3121 1194 3164 oc-

255 3192 298 3252 rei
321 3195 452 3254 ardentis
473 3194 631 3273 projectio,
656 3201 691 3255 ut
711 3193 894 3272 significetur
917 3209 1007 3270 quam
1030 3195 1115 3250 atrox
1136 3201 1195 3262 sup

254 3273 379 3350 plicium
400 3283 521 3337 maneat
535 3278 840 3348 excommunicatum,
857 3292 991 3353 quasque
1012 3274 1042 3332 in
1057 3288 1089 3332 so
1112 3269 1195 3330 adro·

254 3361 304 3415 cet
324 3375 434 3432 poenas
455 3363 487 3420 et
507 3360 757 3428 maledictiones,
780 3377 856 3436 quae
878 3359 908 3416 in
929 3355 1029 3417 multis
1051 3353 1122 3413 olim
1142 3347 1193 3410 so,

254 3437 353 3498 clesiis
374 3441 560 3502 anathemati
582 3442 833 3523 adjungebantur.
849 3439 910 3501 Sed
932 3439 1013 3498 hisce
1035 3435 1130 3496 obiter
1149 3447 1192 3492 er·

254 3519 389 3596 plicatis,
412 3528 690 3600 potost‘praeterea
712 3524 791 3585 cerei
812 3521 981 3604 projectio,
1005 3514 1189 3596 quemadmo-

254 3599 328 3661 dum
349 3601 437 3664 docet
457 3605 595 3677 laudatus
615 3605 824 3686 Raynandus,
852 3599 1026 3684 significare
1041 3596 1189 3678 mysticam
