2567 4042
473 185 677 259 3331&-

100 319 241 396 rctcptcc,
264 335 356 395 quem
379 318 588 379 Dissertatioui
609 318 647 380 de
666 315 858 382 Celenderiis
877 316 913 377 in
934 332 1048 395 ponere,

95 412 124 462 ct
144 401 300 479 specimus
323 399 358 458 de
375 399 557 463 calendario
572 398 775 462 Ecclesiastico
795 418 825 478 p.
849 398 911 477 236
933 403 1047 475 etseq.

96 480 266 559 subjunxit.
293 480 387 542 Nobis
419 500 514 543 unum
535 480 705 542 Romanum
736 481 1046 555 commemorandum.

98 566 141 624 de
162 560 338 624 Romanurn
365 564 515 641 quoddam
537 564 787 643 Martyrologium
819 565 857 625 ab
879 562 1049 641 antiquissi-

99 649 156 706 mis
177 654 260 706 retro
277 648 464 723 temporibus
486 645 634 707 exstitisse
656 652 717 706 tam
739 650 787 709 est
808 652 937 715 certum,
957 660 1047 721 quam

97 728 176 806 quod
209 729 423 789 certissimum.
457 727 583 807 Saepius
615 729 768 804 prodierat
794 726 1046 806 Martyrologium

93 810 267 873 secundum
299 828 413 870 morem
442 810 593 871 Romanae
614 809 778 872 Ecclesiae.
803 808 975 870 Notandum
1005 815 1051 869 est

94 892 351 972 Martyroiogium
373 891 541 953 Romanum
563 911 581 953 e
601 892 764 955 Benedicto
780 892 855 953 XlV
877 892 970 954 luisse
986 906 1050 951 cor·

94 980 243 1042 rectum,
267 981 388 1034 etcum
410 975 507 1035 lorma
528 974 565 1033 ab
589 974 654 1051 ipso
676 976 873 1037 determinata
902 974 1048 1052 praescri·

96 1061 212 1135 ptum3
243 1059 284 1117 ita
316 1061 351 1117 ut
368 1053 431 1134 jam
464 1076 523 1118 non
546 1057 634 1118 liceat
666 1058 885 1134 antiquioribus
906 1054 1050 1117 Romanis

96 1138 322 1217 Martyrulcgiis
344 1140 374 1196 iu
388 1137 489 1199 Chore
512 1141 567 1207 uti3
584 1141 637 1200 sed
652 1139 781 1201 debeant
794 1138 931 1199 adhiberi
947 1154 1050 1200 exem·

95 1222 194 1299 pluria
222 1226 359 1281 correcta
382 1220 536 1282 Benedicti
558 1220 634 1287 xlv
655 1221 776 1283 editioni
814 1221 991 1281 conformia.
1015 1218 1049 1281 In

96 1303 183 1363 novis
203 1302 411 1378 imprimendis
433 1302 659 1382 Martyrologiis
687 1303 777 1364 inseri
802 1307 917 1364 tantum
940 1302 1049 1363 debent

96 1384 197 1447 Sancti
220 1384 257 1443 ab
272 1385 379 1447 ultima
400 1385 529 1446 editione
544 1387 722 1454 canonizati,
740 1402 798 1444 non
819 1390 921 1445 autem
944 1386 963 1443 ii
979 1382 1051 1443 San·

95 1469 140 1527 cti
161 1466 215 1542 qui
230 1465 315 1527 Beati
337 1467 525 1527 solummodo
540 1468 684 1528 declarati
700 1474 778 1529 sunt.
796 1464 830 1529 ld
853 1468 894 1526 ita
909 1478 1049 1543 expresse

98 1551 245 1610 sancitum
268 1556 315 1610 est
344 1546 615 1611 asacra·Rituum
636 1546 898 1627 congregatione,
927 1548 1051 1623 decreto

96 1628 245 1708 generali.
268 1627 306 1690 ln
325 1650 430 1693 omnes
451 1631 515 1693 lere
532 1632 649 1709 liuguae
672 1632 849 1691 translatum
871 1631 927 1691 luit
940 1628 1052 1690 Roma·

98 1732 174 1774 num
200 1710 465 1792 blartyrologium.
495 1710 541 1773 Ex
562 1714 768 1790 recognitione
790 1710 951 1774 «Benedicti
972 1708 1049 1773 xiv

98 1794 311 1872 Martyrelogii
333 1796 432 1856 italica
455 1796 661 1874 interpetratiu
683 1794 797 1857 Rornae
819 1790 950 1857 MDCCL
971 1792 1053 1871 typis

60 1872 65 1883 ’
99 1876 245 1937 iohannis
256 1876 372 1939 Mariae
388 1878 516 1939 Salvioni
536 1878 616 1940 edita
633 1878 691 1939 suit
714 1879 742 1939 in
759 1876 788 1937 b.
804 1874 927 1952 Antiqui
943 1874 1046 1945 meris,

96 1978 165 2037 quo
184 1956 287 2033 plures
309 1959 345 2018 ad
368 1959 557 2021 recitandum
579 1959 712 2021 cilicium
728 1960 797 2020 libri
819 1958 1048 2037 adhibebantur,

94 2040 229 2117 uestigia
249 2049 411 2118 supersunt
432 2043 463 2100 in
485 2040 688 2103 voluminibus
710 2044 773 2105 sive
795 2058 887 2101 manu
907 2039 1050 2108 exaratis,

100 2124 165 2183 sive
188 2123 353 2198 impressis,
372 2142 450 2202 quae
471 2124 509 2183 ad
530 2140 618 2185 usum
644 2122 729 2183 chori
752 2123 912 2201 pertinent.
929 2118 1053 2182 Codices

98 2202 273 2281 hujusmodi
296 2206 492 2282 manuscripti
513 2205 638 2283 picturis
660 2211 692 2265 et
706 2217 783 2266 auro
805 2202 905 2263 ornari
928 2218 1054 2264 consue·

103 2290 225 2348 verant..
240 2282 435 2346 celeberrimi
457 2291 528 2347 suut
559 2286 610 2362 qui
632 2285 718 2347 Senis
746 2292 777 2348 et
798 2280 958 2345 Ferrariae
986 2285 1050 2342 tum

102 2368 133 2426 in
164 2364 299 2445 principe
326 2367 478 2446 Templo,
514 2372 578 2429 ium
607 2368 688 2445 apud
709 2366 924 2429 Carthusianus
951 2363 1053 2425 adser·
1154 2380 1157 2394 “

104 2454 360 2600 suppetium,
394 2530 475 2609 quod
497 2528 713 2609 Eocloiopc'um
735 2528 843 2591 Graeci
876 2519 1050 2607 appellant,

105 2610 179 2674 liber
209 2613 332 2691 quidem
359 2620 406 2674 est
432 2615 462 2672 in
488 2630 549 2690 quo
571 2612 648 2675 ritus
674 2632 708 2674 ac
731 2612 939 2673 caeremoniae
966 2624 1053 2687 prae·

102 2695 275 2755 scribuntur
296 2696 334 2754 ad
357 2695 550 2757 Sacramenta
571 2696 628 2756 rite
651 2694 905 2764 administranda,
929 2708 964 2753 ac
986 2706 1054 2751 cae·

103 2780 182 2839 ieras
204 2775 374 2839 functiones
396 2777 614 2839 ecclesiasticas
635 2778 692 2838 rite
714 2796 731 2837 a
754 2774 963 2839 Sacerdotibus
986 2790 1054 2868 per·
1112 2806 1114 2811 =

98 2858 543 3002 ltili-⁵..i¹¹ii¹¹¹¹⁸tii*
565 2856 699 3001 pepp,
722 2858 771 3000 '¹1³⁰
793 2874 860 2998 iit
874 2854 1053 2998 ,it-tibi

100 2961 164 3084 sirle
186 3022 226 3082 ab
247 2960 429 3103 Ερίξοοῦρίξῗι
446 2960 509 3082 sige
526 2960 655 3082 ebualiis
677 2960 885 3083 Sppepppfihus
907 2954 1054 3079 inierIiJori:

101 3104 155 3166 bus
178 3104 353 3176 adhibendi,
378 3103 719 3183 comprehenderentur.
742 3102 864 3165 Primus
885 3102 963 3161 inter
989 3099 1053 3160 edi·

101 3191 147 3247 tos
179 3185 336 3247 Romanae
359 3187 510 3248 Ecclesiae
543 3186 636 3247 libros
658 3184 792 3249 Rituales
820 3183 978 3252 occurrit,
1002 3180 1053 3258 qui

77 3264 217 3347 ‚Romae
238 3267 455 3329 Muxxxvu
477 3267 587 3346 prodiit
607 3274 639 3330 et
658 3275 802 3346 sequente
830 3283 906 3326 anno
929 3280 1054 3325 recusus

99 3348 236 3413 Venetiis
258 3352 365 3411 initia
389 3349 419 3420 b,
442 3350 604 3427 inscriptus
619 3348 817 3419 Sacerdotula,
834 3364 887 3407 seu
909 3348 985 3407 liber
999 3341 1055 3405 Sa·

97 3433 285 3504 certioretis,
314 3431 428 3493 Leonis
445 3431 477 3491 X
509 3434 688 3494 auctoritate
720 3430 914 3509 approbatus.
937 3425 1053 3488 Auctor

100 3516 201 3593 operis
215 3514 274 3574 luit
296 3512 438 3577 hibertus
452 3508 641 3575 Castellanus
658 3510 779 3575 Ordinis
793 3509 1050 3571 Praedicatorum.

100 3594 198 3658 idulio
221 3596 298 3658 iilud
318 3597 423 3659 labere
444 3594 633 3660 Casteilanus
651 3590 863 3665 elucubrarit,
887 3588 1055 3665 dicavitque
