2567 4042
605 181 834 254 mildi&

240 313 332 375 cavit.
356 310 517 374 Praeterea
540 312 685 372 Sacerdos
707 310 860 372 infirmum
877 305 1008 372 'monere
1029 311 1139 380 debet,
1165 322 1200 371 ut

238 397 280 456 'eu
296 393 382 454 corde
404 395 437 452 ob
459 412 590 454 umorem
612 395 670 454 Dei
680 401 792 473 parcat
814 395 961 464 omuibus,
985 395 1039 471 qui
1052 394 1110 454 sibi
1125 412 1199 471 quo·

240 495 296 558 quo
318 475 402 535 morlo
423 477 539 558 suerint
554 478 683 556 molesti,
704 473 762 534 'cur
776 476 908 534 inimici.
932 478 1032 552 Atque
1055 476 1130 535 baec
1146 480 1198 534 est

122 572 124 576 ·
239 558 447 634 antiquissima
459 557 622 635 'disciplina
646 557 674 616 in
690 558 781 617 variis
795 555 964 617 Ritualibus
979 575 1132 633 expressa,
1158 574 1197 616 ex

181 654 192 664 ’
239 657 368 716 quornm
391 639 576 716 praescripto
599 639 818 716 praemittenda
839 644 905 699 erat
926 638 1033 698 Sacrae
1056 635 1199 698 Unctioni

238 719 402 782 Extremae
426 722 561 780 remissio
585 719 776 798 injuriarum.

280 802 334 862 lli.
356 802 511 863 Orationes
532 802 730 881 jaculatoriae
752 801 941 880 potissimum
964 801 1129 861 inserviunt
1159 801 1196 860 ad

240 886 426 946 suscitandos
449 886 593 942 inanima
617 883 680 960 pios
702 883 847 953 allectus3
873 883 939 944 ideo
955 882 1087 943 nonnulli
1111 881 1194 942 Psal-

238 983 357 1026 morum
386 970 415 1024 et
430 983 556 1041 precum
570 966 713 1025 versiculi
725 966 939 1041 assignantura
950 965 1072 1024 liituali.
1090 963 1194 1034 Multi,

238 1046 411 1122 etquidem
436 1046 557 1121 plurimi
582 1047 722 1106 versiculi
745 1048 774 1106 in
796 1047 939 1106 Psallerio
971 1046 1194 1122 reperiuntur,

238 1145 368 1204 quorum
391 1126 618 1204 significationes
641 1129 772 1188 maxime
793 1128 953 1188 conterunt
973 1130 1008 1188 ad
1032 1129 1197 1203 imploran-

238 1210 310 1268 dum
334 1209 467 1271 divinum
490 1210 634 1270 arixilium
658 1216 689 1270 et
705 1208 759 1269 Dei
774 1211 1023 1270 misericordiam.
1040 1207 1197 1281 Quocum-

238 1309 295 1367 que
318 1291 457 1351 idiomate
481 1294 669 1368 pronunciari
686 1297 819 1367 possunt.
843 1272 918 1350 etsi
942 1292 1052 1352 infirmi
1070 1293 1195 1351 latinam

238 1372 370 1451 linguam
388 1373 533 1449 ignorent,
557 1373 613 1432 dici
637 1377 761 1451 possunt
782 1379 917 1433 materna
933 1374 1042 1452 lingua.
1067 1372 1197 1450 insuper
1267 1428 1268 1443 ,

237 1453 294 1514 boc
317 1454 536 1514 observandum
560 1461 631 1524 est,
657 1455 757 1532 quud,
781 1473 851 1514 eum
874 1455 1012 1516 dicantur
1033 1456 1070 1514 ad
1094 1455 1195 1531 proie-

238 1541 318 1596 ctum
342 1540 372 1595 et
394 1537 559 1595 subsidium
584 1535 720 1604 infirmi,
745 1537 851 1596 melius
874 1543 929 1606 est,
954 1543 987 1597 ut
1008 1544 1039 1597 et
1064 1539 1126 1612 ipse
1151 1538 1196 1595 in—

237 1617 352 1693 telligat
374 1619 445 1693 quid
468 1618 621 1693 loquatur.
645 1618 750 1690 Quoad
774 1618 1017 1678 benedictionem
1039 1616 1195 1695 pontifica-

236 1696 294 1758 lem
318 1704 432 1774 speotat
449 1699 631 1759 moribundis
655 1699 896 1774 impertiendam,
921 1698 1194 1776 antiquaproiecto

237 1785 283 1840 est
307 1781 369 1856 ipsa
392 1781 420 1838 in
437 1779 583 1849 Ecclesia,
608 1782 783 1854 etquidem
806 1782 926 1840 saeculo
949 1780 995 1841 lx
1011 1783 1132 1849 usitata,
1148 1783 1195 1842 uti

237 1861 416 1922 addiscimus
439 1881 476 1923 ex
493 1862 525 1922 P.
544 1866 638 1938 Lupo,
664 1861 758 1921 Tomo
775 1861 816 1921 v1
831 1861 966 1936 Operum
982 1862 1120 1922 editionis
1131 1863 1194 1924 Ve-

236 1948 334 2010 netae,
349 1945 378 2002 in
393 1946 553 2022 septimum
577 1945 607 2004 S.
625 1942 763 2020 Gregorii
778 1944 837 2004 Vll
852 1943 1003 2005 Pontificis
1017 1945 1192 2004 Romanum

236 2025 414 2094 Concilium,
439 2025 541 2103 Capite
555 2027 699 2102 inscripto
714 2047 721 2085 :
739 2023 951 2086 'sacerdotalia
966 2025 1192 2087 Benedictionis

236 2107 411 2185 antiquitus,
429 2108 539 2184 sorano,
563 2108 682 2185 [ructus
697 2117 902 2184 seponuntur.
915 2107 1001 2180 Quod
1017 2109 1192 2168 moribundi

235 2187 338 2250 fideles
360 2190 469 2266 passim
485 2189 606 2250 videant
629 2196 820 2255 tentatorem,
845 2190 970 2265 ideoque
992 2198 1063 2249 tuno
1086 2209 1192 2265 qaram·

234 2273 366 2330 maximo
389 2271 540 2348 indigeant
563 2272 610 2346 pio
626 2272 681 2330 isto
704 2272 821 2349 clypeo,
845 2271 954 2330 docent
976 2289 1027 2329 nos
1050 2274 1192 2348 exempla

234 2353 388 2428 plurima,
415 2371 492 2426 quae
515 2353 623 2429 passim
641 2358 811 2412 occurrunt
843 2355 872 2411 in
894 2353 1072 2413 Sanctorum
1097 2353 1190 2413 Vitis.

233 2431 279 2491 Ex
301 2432 384 2492 Bulla
407 2432 558 2494 Benedicti
582 2434 679 2512 Papae
703 2433 778 2494 XIV
800 2452 878 2509 quae
901 2435 1012 2511 incipit,
1037 2433 1097 2495 Pie
1123 2430 1190 2495 Mo»

233 2523 280 2574 tor
304 2513 458 2576 Catholicu
480 2515 625 2583 Ecclesia,
651 2517 821 2593 legiturque
843 2514 978 2575 Tomoll
1001 2514 1066 2591 ejus
1089 2517 1192 2578 Bulla·

127 2641 132 2649 .
232 2595 282 2664 rii,
305 2596 466 2674 ampliatur
483 2595 636 2675 Episcopis
653 2596 780 2658 facultas
797 2597 985 2674 impertiendi
1000 2598 1191 2659 Benedictio-

224 2693 302 2756 ¹nem
326 2694 394 2738 cum
419 2676 607 2756 indulgentia
629 2680 763 2756 plenaria
787 2675 938 2738 Fidelibus
961 2680 989 2736 iu
1012 2681 1118 2740 mortis
1139 2697 1191 2738 ar·

230 2750 323 2819 ticulo
338 2760 515 2819 constitutis.
540 2761 642 2834 Quum
661 2762 740 2821 nulla
759 2762 941 2838 praescripta
957 2761 1122 2822 baberetur
1138 2779 1191 2838 ge·

232 2841 343 2902 neralis
366 2839 495 2901 formula
518 2842 734 2920 impertiendae
767 2841 940 2902 Pontifioiae
971 2843 1190 2905 Benedictionis

231 2922 260 2982 in
283 2922 409 2984 articulo
430 2925 546 2994 mortis,
571 2923 653 2982 illam
675 2924 824 2984 ordinavit
845 2924 1024 2984 Benedictus
1045 2923 1122 2984 xlv
1143 2927 1190 2986 uti

230 3005 334 3065 videre
351 3010 397 3064 est
419 3005 447 3063 in
468 3004 534 3083 ejus
557 3004 656 3064 Bulla.
681 3005 918 3066 Praemittuntur
941 3007 1102 3067 nonnullae
1119 3026 1189 3084 pre-

231 3103 291 3155 ces,
316 3104 395 3163 quae
418 3104 455 3146 ex
471 3089 593 3163 antiquo
616 3083 769 3148 Ecclesiae
791 3087 929 3156 ritu,‘·uti
951 3106 989 3148 ex
1011 3089 1118 3164 priscis
1134 3089 1188 3148 Ri-

230 3169 361 3229 tualibus
377 3173 503 3235 constat,
521 3187 536 3228 a
554 3167 716 3230 Sacerdote
727 3169 866 3229 visitante
888 3167 1023 3229 infirmos
1046 3171 1187 3231 adbiberi

230 3251 336 3310 solent.
362 3249 505 3327 Sequitur
527 3247 643 3318 Oratio,
668 3269 726 3327 qua
750 3248 887 3311 infirmus
909 3250 974 3312 Deo
996 3253 1186 3314 commenda·

229 3335 289 3399 tur,
306 3336 340 3391 ut
362 3349 415 3408 per
429 3329 579 3408 Unigeniti
595 3332 641 3391 sui
659 3331 827 3408 passionem
843 3336 874 3392 et
889 3335 1029 3404 mortem,
1047 3336 1187 3398 onmium

228 3411 404 3472 delictorum
427 3414 634 3474 remissionem
658 3420 690 3474 et
711 3415 831 3475 reniam
854 3414 881 3474 ei
904 3416 1069 3475 clementer
1086 3417 1185 3476 indul-

226 3499 305 3569 geat.
331 3491 390 3553 Nili
422 3494 608 3567 potissimum
630 3493 833 3573 indulgentias
861 3500 974 3556 virtuto
1002 3499 1185 3559 meritorum

225 3573 376 3636 Passionis
397 3573 521 3646 Christi,
539 3572 653 3636 definiit
672 3575 733 3654 jam
756 3574 895 3640 Clemens
916 3575 998 3658 Papa
1013 3577 1056 3639 ri
1079 3580 1111 3639 io
1128 3597 1186 3642 sua
