2567 4042
537 167 830 258 ‚maenaa-

240 318 319 377 pere,
344 296 384 358 at
405 298 584 360 Ambrosius
605 299 672 359 Lib.
690 297 733 360 tlt
757 299 855 378 Epist.
888 297 928 358 23
953 296 1179 375 Caninpiuurut·

240 382 351 440 lamina
373 380 566 445 sacerdotali,
590 391 617 440 ct
638 380 839 442 benedictione
859 380 1042 460 sanctificari
1062 379 1180 458 oportere

240 464 356 522 scribat.
390 459 537 523 Eamdem
561 464 799 526 benedictionem
833 469 1001 524 memorant
1028 459 1179 522 Concilium
1243 507 1244 516 ,

241 542 487 620 Carthaginiense
508 543 563 614 IV,
576 564 626 605 an.
640 543 701 604 398
723 546 795 607 Can.
816 544 879 616 13.;
903 544 1044 607 Giricius‚
1061 539 1181 619 Epistola
1243 551 1244 554 ’

240 623 281 683 arl
302 624 441 696 [limer.,·
469 625 661 687 innocentius
679 626 703 696 l,
728 627 861 708 Epistola
883 627 923 686 ad
950 627 1068 687 Victrie.
1091 622 1181 699 Capite

240 709 358 784 quint03
372 707 504 766 isidorus
518 707 719 786 Hispalensis,
738 710 803 770 Lib.
824 709 850 768 ll
868 709 902 767 de
922 706 1033 790 Officiis
1048 703 1182 766 Ecclesia·

240 788 321 850 stieis
339 789 444 866 Capite
460 787 584 850 decima.
600 791 660 873 Vix
683 787 799 852 Ritnale
825 793 983 867 antiquum
1007 787 1183 849 recentiusve
1244 799 1245 846 ἰ

240 873 386 940 invenias,
412 872 516 946 inquo
539 891 596 932 non
612 879 695 934 extet
716 874 818 934 annuli
835 872 1020 939 benedictio,
1037 870 1195 944 polluce,

240 952 406 1013 lebratione
428 951 612 1014 Sacramenti
637 953 820 1015 Matrimonii
851 973 888 1015 ex
917 954 1011 1012 reteri
1041 951 1182 1014 Ecclesiae

239 1035 300 1096 ritca
332 1051 481 1111 aspouso
502 1035 594 1110 digito
617 1037 754 1096 annullari
778 1037 916 1096 sinistrae
940 1053 1044 1094 manus
1069 1047 1183 1109 sponsae
1245 1012 1246 1104 l

240 1116 353 1192 imponi
368 1117 534 1176 consuevit.
553 1116 725 1178 benedictio
740 1117 921 1194 Nuptiarum
940 1118 1016 1177 intra
1032 1115 1181 1176 Missurum
1245 1125 1246 1138 ¹

240 1197 385 1257 solemnia
408 1196 501 1256 fiebat
520 1204 587 1274 post
608 1198 782 1260 Orationem
806 1197 1005 1265 Dominicam,
1031 1203 1065 1257 ut
1085 1214 1122 1254 ex
1142 1211 1186 1253 an·

241 1280 332 1355 liquis
354 1277 614 1340 sacramentorum
638 1280 736 1354 Libris
759 1280 956 1356 dacelHugo
979 1277 1138 1340 lllenardus
1161 1276 1187 1332 iu

239 1358 325 1420 Notis
347 1360 384 1419 ad
407 1360 681 1423 Sacramentarium
705 1362 736 1422 S.
753 1360 891 1440 Gregorii
912 1362 1019 1438 Papae.
1044 1358 1185 1434 Integram
1246 1346 1247 1432 l

240 1443 388 1502 actionem
411 1440 597 1520 nuptialem,
619 1444 685 1505 sive
708 1444 830 1505 Missam
853 1445 1007 1523 propriam
1032 1439 1186 1518 nuptialem
1246 1433 1247 1450 ¹

240 1541 278 1585 ex
300 1529 474 1600 pervetusto
495 1521 654 1587 Gelasiano
676 1526 805 1596 lllissali,
830 1532 860 1587 et
881 1523 1092 1600 manuscriptis
1114 1520 1188 1582 codi-

241 1606 325 1666 cibus
346 1605 500 1671 Remensi,
517 1614 548 1666 et
569 1607 741 1668 Gellonensi
765 1608 865 1684 legere
887 1607 1034 1683 estapud
1058 1602 1188 1664 eruditis·

240 1687 350 1747 simum
374 1685 407 1746 P.
431 1687 568 1748 Martene
592 1689 687 1748 tint
711 1690 755 1749 De
778 1689 918 1770 Antipolis
942 1686 1093 1748 Ecclesiae
1116 1683 1186 1744 Ritt'·
1247 1678 1248 1770 l

240 1769 301 1835 bus,
325 1767 398 1845 Cap.
422 1768 471 1829 lX-
492 1770 629 1830 Articulo
653 1769 691 1830 V.

282 1847 336 1908 ΙΙΙ.
362 1850 408 1910 ltd
431 1852 606 1932 nuptiarum
627 1853 834 1913 caeremonias
849 1852 999 1929 pertinent
1021 1851 1189 1910 dextrarum

240 1931 411 2010 conjuctio,
435 1934 557 2003 velatio,
581 1940 612 1994 et
632 1935 798 1994 coronatio.
823 1932 862 1994 El
884 1950 954 1994 sane
976 1932 1055 2008 quod
1074 1925 1114 1990 a'd
1137 1928 1190 2006 pri·

240 2031 323 2072 mam
340 2015 455 2080 attinet,
479 2017 602 2092 antiqua
617 2021 665 2078 est
686 2017 762 2076 baec
780 2016 974 2075 'caeremonia
996 2015 1035 2074 ab
1058 2011 1189 2088 exemplo
1248 2012 1249 2096 l

241 2094 352 2155 Tobiae
367 2098 472 2173 petita,
490 2094 576 2173 cnjus
599 2099 739 2157 meminit
760 2096 967 2168 Tertullianus
984 2096 1013 2153 in
1028 2094 1136 2154 Libro:
1159 2089 1191 2150 dt
1248 2099 1249 2128 ³

247 2174 386 2237 Velandis
414 2171 595 2256 Virpiuibas,
616 2178 720 2256 Capite
742 2177 909 2236 undecimo.
928 2177 966 2236 Et
987 2177 1017 2237 S.
1035 2175 1190 2252 Gregorius

242 2257 447 2342 Nazianzenus
462 2260 498 2317 ad
509 2260 658 2336 Anysium
682 2260 816 2319 scribens
833 2256 1022 2336 Epistolob'l
1038 2272 1190 2318 excusans·

242 2358 301 2417 que
323 2358 355 2400 se
377 2341 458 2418 quod
474 2341 597 2402 allectus
619 2341 808 2426 aegritudine
829 2341 865 2398 ad
889 2339 954 2418 ejus
977 2340 1056 2400 saliae
1080 2339 1189 2414 nuptias

241 2422 344 2482 venire
367 2440 424 2481 non
441 2425 597 2497 potuisset,
623 2420 732 2482 Animo
747 2433 774 2482 et
788 2423 940 2482 uoluntate
956 2423 1073 2487 adsum,
1097 2417 1190 2480 simul·

244 2520 299 2582 que
321 2502 428 2579 festum
449 2505 572 2572 celebro,
591 2506 799 2584 juvenilesque
816 2502 939 2564 dextros
960 2507 1040 2564 inter
1055 2521 1083 2561 se
1093 2505 1189 2582 janpo,

242 2593 335 2661 atque
350 2593 492 2663 utrasque
506 2584 564 2643 Dei
578 2588 697 2645 arcani.
715 2585 759 2645 De
782 2585 851 2644 velo
866 2590 986 2651 aulem,
1009 2585 1072 2644 sive
1096 2583 1187 2659 pullio,

245 2671 279 2727 nl
300 2663 397 2741 ajunt,
421 2667 500 2742 qrrod
517 2684 605 2742 supra
622 2665 785 2743 conjugum
800 2667 898 2741 capita
920 2667 1067 2726 tamdinm
1082 2671 1189 2724 tensum

242 2746 441 2816 habebatur,
462 2748 556 2807 donec
578 2748 746 2808 benedictio
768 2766 784 2806 a
808 2747 968 2808 Sacerdote
992 2749 1133 2811 daretur,
1156 2746 1202 2818 tog

242 2846 337 2905 quens
354 2830 531 2890 Ambrosius
553 2829 589 2887 de
608 2831 781 2909 l'irpinibus
795 2827 998 2905 CapiteXVl‚
1024 2829 1097 2888 illud
1113 2829 1189 2909 plan·

179 2981 183 2984 ⁴
243 2929 341 2969 meam
365 2912 499 2988 nuptiale
515 2912 658 2987 appellat,
684 2910 762 2988 quod
789 2911 932 2978 nimirum
957 2912 1100 2988 purpurei
1121 2911 1190 2969 esset

242 2993 351 3051 coloris
374 2993 408 3049 ad
425 2992 627 3052 denotandum
646 2993 771 3052 tortasse
788 2993 947 3070 pudorem,
971 3010 1063 3070 quem
1086 2993 1113 3050 in
1128 3007 1188 3048 con·

240 3070 323 3149 jugia
345 3075 459 3132 servari
475 3079 603 3150 oportet.
628 3073 774 3152 EJ‘usdem
791 3077 925 3135 meminit
947 3077 1038 3135 ctiam
1061 3073 1187 3134 laudatus

242 3155 331 3215 Pater
355 3151 486 3230 Epistola
504 3154 603 3215 Lxx.
628 3155 694 3215 Nou
717 3157 815 3220 minus
838 3157 971 3233 antiqua.
996 3175 1087 3231 quarn
1103 3149 1187 3214 celeri

244 3237 418 3312 nuptiarum
435 3238 522 3305 ritus,
539 3238 600 3296 imo
616 3239 639 3296 si
657 3238 898 3299 benedictionem
913 3238 1054 3315 excipias,
1079 3236 1186 3297 sallem·

243 3319 309 3376 nior
335 3316 393 3377 tuit
414 3319 518 3394 rapitis
541 3321 716 3389 coronatio3
742 3337 818 3395 quae
841 3322 882 3379 sic
907 3321 1014 3397 peragi
1029 3314 1184 3378 consucvit.

243 3396 318 3456 Fine
337 3396 400 3473 jani
424 3402 598 3474 nuptiarum
615 3402 808 3462 celebrationi
831 3401 980 3480 imposito,
1005 3401 1071 3462 nori
1094 3393 1185 3472 conju·

243 3497 296 3556 ges
315 3476 378 3555 jam
400 3480 558 3541 discessuri
581 3500 699 3560 corona
715 3500 752 3542 ex
775 3483 840 3544 olea
863 3489 897 3544 ul
918 3484 1083 3560 plurimum
1104 3474 1185 3537 uariis

181 3645 184 3650 Ι
243 3561 382 3620 distincta
405 3564 510 3621 meniis
532 3571 623 3642 caput
644 3565 875 3626 devinciebanl:
899 3567 940 3626 ita
954 3583 991 3626 ea
1007 3561 1128 3641 Templo
1146 3556 1184 3616 di·
