2567 4042
590 202 815 275 wilm&-

232 330 397 401 Maximus,
413 332 513 394 Titnlo
528 331 699 393 XXXVIII
722 332 795 411 Cap.
813 332 867 401 IV,
890 339 1068 409 argumento
1090 332 1181 395 ducto

230 431 247 472 a
276 414 394 477 Canone
415 413 535 494 liqna,
559 422 590 477 et
610 414 684 476 Can.
709 412 846 483 Altaria,
870 413 904 481 de
928 414 1153 478 consecratione
1171 461 1180 487 ,

231 494 434 557 Discinctionc
449 498 476 557 1.
501 496 633 577 ldipsum
648 496 709 574 jam
727 498 989 559 ante'decreverat
1008 496 1038 555 S.
1056 496 1181 559 Carolus

230 578 414 641 Borromcus
442 581 472 639 in
498 598 553 640 suo
574 578 754 639 Provinciali
777 578 820 640 IV
841 578 1055 640 Mediolanensi
1077 578 1184 640 Conci·

230 660 291 731 lio,
316 661 388 740 Cap.
412 662 441 722 ll
464 662 508 721 De
530 662 634 723 Sacris
656 660 826 741 Reliqciia,
851 672 877 721 ct
899 661 1095 739 Irnoqinibcs.

579 824 717 886 CAPUT.
731 823 826 893 XIII.

227 1004 269 1048 nn
285 967 515 1048 senescentis-n
530 1005 693 1049 cnesrnnu
710 1005 770 1049 ruo
786 1004 941 1057 santonus
956 1002 1185 1049 tantundems-

457 1096 470 1130 0
1007 1110 1010 1116 v
1102 1124 1105 1129 .
1147 1116 1153 1127 .

268 1149 293 1208 I.
317 1149 462 1222 Quamvis
483 1152 512 1209 in
534 1153 615 1211 omni
638 1151 700 1212 sere
715 1152 867 1211 Ecclesiae
882 1150 1001 1211 saeculo
1018 1146 1056 1230 (l)
1073 1149 1181 1211 lreere-

198 1234 203 1240 '
229 1232 281 1291 tici
296 1250 354 1291 non
377 1233 537 1304 defuerint,
555 1235 607 1310 qui
629 1234 705 1293 nihil
727 1250 792 1293 esse
815 1233 1019 1294 detestabilius
1034 1233 1177 1294 dicerent,

227 1331 317 1391 qnam
331 1312 509 1376 Sanctorum
520 1318 581 1376 vita
593 1315 803 1376 detunctorum
820 1316 941 1377 exuvias
957 1315 1066 1385 colere;
1079 1314 1178 1375 Sancti
1197 1363 1199 1366 .

226 1395 419 1457 nihilominus
441 1395 594 1457 Ecclesiae
617 1396 761 1458 Doctores
784 1396 940 1467 acPatres,
954 1396 1179 1474 sacraeque-Sy·

226 1478 295 1538 nodi
318 1480 451 1556 ipsorum
474 1496 594 1557 semper
614 1480 800 1555 impietatem
829 1480 1031 1540 confutarunt.
1049 1478 1122 1538 Lete
1148 1478 1178 1537 id

226 1560 348 1635 quidem
371 1561 515 1636 Theologi
538 1562 723 1629 ostendunt,
747 1566 778 1623 et
805 1562 916 1623 eruditi
937 1559 1076 1620 Canonici
1099 1558 1180 1620 luris

226 1642 407 1717 interpretes
435 1643 464 1701 in
487 1641 619 1705 Titulum
652 1642 854 1705 Decretalium
874 1688 881 1713 ,
905 1644 956 1719 qni
979 1642 1173 1703 inscribitur:

224 1719 269 1781 Dc
283 1722 443 1802 Reliqciia,
468 1734 495 1783 et
517 1726 704 1785 veneratione
721 1724 914 1785 Sanctorum.
932 1724 1051 1798 Quanto
1066 1724 1095 1783 in
1112 1740 1180 1801 pre-

225 1805 267 1863 tio
289 1812 388 1866 essent
412 1805 489 1882 apud
510 1806 623 1883 primos
647 1807 724 1883 ipsos
745 1803 953 1876 Christianos,
970 1807 1038 1866 inde
1062 1807 1177 1881 liquet,

224 1879 303 1983 quod
325 1889 446 1948 vivente
462 1888 560 1948 adhuc
576 1888 730 1965 Apostolo,
748 1888 826 1948 illius
848 1888 976 1947 sudario
998 1893 1029 1949 et-
1043 1887 1177 1949 somiein-

226 1970 287 2028 ctr'a
309 1970 440 2031 studiose
462 1970 505 2029 illi
527 1971 720 2046 querebant,
746 1987 874 2045 qnorum
896 1970 1004 2029 virtute
1027 1978 1075 2030 et
1073 1968 1176 2028 morbi

224 2051 426 2123 curabantur,
451 2057 482 2111 et
503 2052 625 2127 spiritns
657 2067 785 2127 nequam
809 2070 825 2111 a
848 2036 1035 2128 corporibus
1050 2052 1178 2111 obsessis

223 2134 477 2209 egrediebantur,
503 2139 536 2194 ut
557 2138 706 2195 testantur
720 2132 795 2207 Acta
811 2132 981 2210 Apostoliea
996 2132 1068 2210 Cap
1084 2132 1175 2193 XIX

221 2214 288 2275 Mos
317 2216 365 2276 ille
387 2214 467 2291 apud
481 2211 628 2291 ,antiquos
650 2217 740 2275 etiarn
765 2200 958 2284 serrabatur,
982 2221 1017 2275 nt
1038 2214 1178 2275 brandeis

222 2297 410 2373 quibusdam
424 2295 604 2356 Sanctorum
635 2296 791 2372 Reliquiae
818 2297 1069 2365 involverentur3
1093 2303 1180 2357 erant

221 2396 316 2454 eaque
339 2380 425 2446 vela,
450 2396 502 2439 seu
524 2378 622 2455 pallae
652 2382 787 2446 sericae,
812 2386 866 2440 ent
887 2379 1005 2448 lineae,
1030 2396 1105 2455 quae
1127 2396 1180 2438 ve·

220 2462 358 2521 necandis
379 2460 557 2520 Sanctorum
582 2458 719 2536 Lipsanis
751 2459 942 2537 applicatae,
972 2460 1175 2530 Christianis,

219 2546 374 2617 tamqnam
396 2544 530 2619 ipsorum
545 2541 721 2601 Sanctorum
738 2540 894 2618 Reliquiae
911 2541 1174 2619 dispertiebantur.

220 2620 292 2683 Fuit
313 2630 344 2685 et
365 2626 436 2685 olim
458 2640 545 2693 mos,
570 2628 604 2682 nt
625 2640 729 2684 sacrae
751 2622 906 2699 Reliquiae
935 2624 964 2681 in
988 2625 1109 2695 aureis,
1132 2640 1182 2681 ar·

223 2706 375 2782 genteisve
404 2707 502 2783 capsis
517 2704 769 2777 includerenturss
797 2704 947 2765 nonenim
970 2704 1084 2766 licitum
1112 2710 1180 2765 erat

131 2790 140 2805 ¹
221 2788 302 2865 ipsas
323 2787 478 2863 Reliquias
500 2804 535 2846 ex
539 2791 586 2845 tra
608 2804 713 2863 capsas
729 2774 822 2849 oculis
837 2786 994 2847 hominurn
1014 2804 1176 2863 exponere,

222 2869 268 2928 uti
290 2874 407 2929 constet
429 2887 466 2930 ex
481 2866 566 2944 Cap
573 2866 662 2929 LXII
678 2868 800 2930 Concilii
816 2868 1024 2929 lateranensis
1039 2868 1084 2930 IV
1099 2868 1178 2946 quod

221 2950 352 3011 relatum
375 2952 451 3011 est
444 2968 471 3009 rn
495 2941 600 3027 Capite
619 2949 696 3011 Cam
712 2968 749 3011 ccc
763 2950 898 3011 co-Dc
920 2951 1065 3029 reliquias,
1080 2961 1111 3009 ct
1133 2968 1182 3012 ec·

218 3032 373 3100 sacratione
396 3032 587 3093 Sanctorum.
653 3056 654 3061 ¹

247 3112 302 3173 II.
327 3112 383 3173 Sed
406 3119 440 3173 ut
463 3112 541 3188 quod
564 3115 659 3173 nostri
681 3118 728 3173 est
743 3114 879 3183 instituti,
893 3131 1121 3208 prosequamur,
1135 3130 1181 3171 cc-

217 3213 274 3274 pec
290 3205 331 3255 cst
345 3198 463 3262 arcete,
479 3212 531 3253 seu
550 3197 769 3273 repositorc‘nm.
778 3195 901 3271 Proprie
915 3200 1016 3255 antem
1031 3194 1118 3255 hic
1095 3194 1182 3272 signi·

222 3275 295 3335 licat
315 3295 439 3345 arcam,
466 3276 500 3334 in-
519 3292 579 3350 qna
591 3276 779 3339 Sanctorum
796 3276 951 3353 Reliquiae
965 3278 1180 3343 reconduntur,

224 3359 353 3435 aliisque
373 3360 466 3420 etiam
489 3359 662 3419 nominibus
684 3358 833 3437 appellari
850 3359 925 3418 solet
940 3359 970 3417 in
986 3358 1183 3419 dnobuslris—
1278 3429 1282 3438 Ι

259 3557 295 3618 tl)
313 3553 455 3614 catalano,
474 3550 544 3605 Pon
546 3550 630 3620 iliccle
656 3554 808 3653 Romanam
829 3553 1032 3606 Commentariis
1050 3549 1174 3603 illustra—

225 3634 295 3675 tam.
317 3623 370 3675 Ill.
389 3622 501 3672 XIX.
