2567 4042
455 173 680 273 eurem

101 329 320 394 Processiouem
342 331 514 401 obeuntes,
531 332 679 409 Populum
695 333 785 393 etiam
807 331 844 392 ad
867 335 937 410 pie,
961 335 1052 396 devo·
1083 333 1085 336 ’

100 413 394 492 leque‘precundum
416 414 554 476 inritent.
577 413 611 474 ld
645 431 716 474 sane
749 416 913 491 generatim
946 433 1051 478 omnes

97 495 198 556 docuit
218 494 356 557 Christus
374 495 546 566 Dominus,
570 496 750 573 praesertim
774 513 847 556 vero
870 495 1048 574 Apostolos,

98 594 131 637 ac
145 577 343 644 Sacerdotes,
360 577 412 660 ubi
425 578 454 635 in
468 575 633 655 Evangelio
648 576 811 646 Matthaei,
827 573 930 654 Capite
945 580 1050 655 quinto

99 659 139 719 sic
160 663 223 719 ait:
250 660 304 722 Ver
327 658 393 718 catis
413 661 470 720 lucc
489 657 618 729 mundi,
642 659 684 717 etc
705 658 805 718 luccat
826 661 881 718 luc
894 670 993 721 cestro
1006 679 1051 720 co·

98 758 162 800 ram
180 741 367 809 hominibus,
390 751 424 800 ot
445 740 566 801 uideant
585 758 674 818 opera
703 745 802 800 ucctr'a
825 740 921 812 tono,
946 750 971 800 et
993 744 1051 821 plo·

98 821 213 902 adflarat
243 819 366 881 Patrem
397 831 549 888 cestrum,
574 823 628 900 qui
659 822 693 880 in
723 821 819 885 Coelio
847 829 900 880 est.
924 823 1051 896 Quando

98 900 304 964 Processiones
324 901 401 964 fiunt
423 904 501 966 intra
522 903 712 970 Ecclesiam,
736 918 787 963 eas
811 901 953 964 inchoare
976 922 1047 966 con-

97 987 175 1046 ncnit
196 1001 215 1043 a
236 984 364 1045 sinistris
385 985 540 1046 Ecclesiae
563 985 600 1044 ad
628 985 808 1052 dexteram,
832 984 873 1045 ita
894 991 928 1046 ut
949 1003 1050 1064 egres·

96 1084 143 1127 sus
165 1066 229 1126 sive
251 1066 370 1126 initium
398 1067 437 1126 sit
458 1085 476 1126 a
497 1066 591 1129 latere
613 1066 786 1142 Epistulae,
811 1083 965 1141 regressus
986 1069 1050 1128 sive

94 1146 160 1208 linis
177 1148 221 1207 eit
241 1146 277 1206 ad
300 1148 379 1208 latus
401 1145 557 1225 Evangelii
581 1144 693 1206 ditaris
721 1146 904 1225 principalis.
927 1149 1047 1212 Proces-

95 1231 138 1290 sio
158 1230 240 1289 enim
261 1232 309 1290 est
329 1234 419 1306 typus
441 1235 561 1289 nostrae
583 1229 832 1305 peregrinationis
859 1227 896 1288 ad
919 1228 1049 1292 Patriam

95 1310 277 1372 caelestem:
303 1311 421 1370 sinistra
443 1310 564 1371 denotat
577 1310 671 1370 vitam
695 1317 906 1388 praesentem,
923 1313 1048 1374 dextera

95 1391 252 1453 caelestem
276 1396 367 1467 alque
389 1393 555 1452 aeternam.
578 1389 636 1451 Per
660 1387 774 1459 ritum,
799 1391 850 1468 qui
873 1392 902 1451 in
925 1393 1048 1464 Proces-

95 1475 227 1534 ainnibus
249 1476 412 1542 seruatur,
436 1472 521 1534 uobis
541 1473 676 1534 innuitur
699 1476 799 1534 rectus
815 1470 888 1532 ordo
909 1473 938 1534 in
962 1492 1047 1553 pere-

94 1556 258 1632 grinatione
282 1559 382 1619 nostra
397 1555 579 1626 servandus,
603 1560 634 1614 et
655 1570 815 1615 monemur
831 1570 885 1629 per
900 1556 1046 1624 dolorem,

94 1642 123 1697 et
142 1637 359 1715 poenitentiam
382 1641 576 1714 peccatorum
597 1635 634 1695 ad
650 1633 912 1707 ludificationem,
930 1641 960 1698 et
975 1641 1050 1699 ami-

94 1719 193 1778 citiam
217 1718 272 1779 llei
294 1718 519 1796 procedendum
540 1735 615 1786 esse,
637 1723 668 1777 et
689 1735 706 1778 a
730 1714 1048 1792 mortificationecar·

97 1802 161 1868 nis,
184 1805 218 1860 et
238 1799 411 1878 passionum
433 1801 491 1860 iter
513 1804 648 1860 nostmm
672 1817 737 1859 esse
759 1799 973 1862 inchoandum.

135 1880 206 1942 Vll.
231 1881 294 1942 Cur
316 1881 470 1942 institutae
491 1881 552 1942 siut
571 1881 710 1959 publicae
736 1899 900 1958 sacraeque
928 1881 1049 1945 Proces-

96 1965 215 2030 sioncs;
239 1979 294 2024 seu
315 1961 553 2042 supplicationes
574 1967 606 2022 et
626 1962 747 2039 quidem
771 1980 808 2021 ex
840 1964 1046 2039 antiquissimo

94 2044 271 2105 Sanctorum
304 2041 428 2104 Patrum
462 2045 618 2111 instituto,
641 2048 674 2103 et
695 2042 865 2104 Catholicae
897 2043 1050 2108 Ecclesiae

94 2127 190 2204 praxi,
207 2127 297 2187 docet
310 2131 372 2185 'uos
393 2125 513 2186 Rituale
527 2123 710 2195 Romanum3
727 2125 772 2184 ccl
787 2123 828 2184 ed
843 2127 1048 2196 occultandum,
1105 2149 1114 2161 ·

95 2209 212 2286 inquit,
237 2205 387 2267 Fidelinm
405 2209 568 2286 pietatem,
591 2209 635 2267 ccl
658 2205 700 2264 cd
721 2207 977 2268 commemorando
993 2210 1050 2270 Dei

94 2289 256 2370 beneficia,
282 2289 367 2367 cique
389 2291 506 2367 gratior
520 2286 674 2367 agendas,
692 2288 737 2347 cel
754 2287 947 2350 addictarum
963 2291 1050 2350 coci·
1128 2349 1137 2374 ,

94 2374 166 2432 lium
189 2368 426 2451 implorandum.
451 2369 541 2431 Plura
561 2370 705 2429 salutaria
727 2368 907 2430 documenta
928 2373 1050 2432 abscon-

94 2453 122 2512 di
145 2450 571 2521 in·Proceseionibus.docent
592 2455 745 2511 auctores.
767 2448 834 2510 lloc
865 2451 924 2514 ritu
946 2453 1048 2514 Eccle·
1099 2513 1100 2518 ,

95 2535 137 2595 sia
157 2533 257 2593 voluit
277 2551 400 2594 monere
423 2531 550 2600 fideles,
573 2536 608 2614 ut
628 2533 708 2593 serio
736 2531 894 2594 advertant
927 2553 959 2596 se
981 2552 1047 2597 esse

96 2618 124 2675 in
145 2615 204 2675 ho'c
228 2613 347 2677 saeculo
378 2615 517 2682 viatores,
540 2618 571 2674 et
591 2614 777 2691 peregrinari
799 2631 817 2672 a
839 2615 980 2686 Domino,
1005 2621 1050 2676 to-

95 2703 220 2774 tumque
243 2713 349 2757 eorum
373 2697 525 2775 negotium
541 2710 608 2756 esse
623 2711 749 2773 pergere
764 2694 802 2755 ad
818 2697 980 2758 caelestem
996 2695 1047 2756 Pa-

96 2781 196 2840 triam.
221 2777 430 2838 Processiones
450 2783 519 2838 suut
539 2776 688 2853 quaedam
711 2774 818 2844 breues
833 2779 1048 2856 peregrinatio-

97 2877 170 2936 nes:
195 2859 226 2918 in
249 2860 320 2936 ipsis
341 2860 475 2936 corporis
500 2856 626 2935 pedibus
647 2857 799 2936 pergimus
831 2877 847 2919 e
875 2861 940 2920 loco
963 2877 1049 2920 sacro

99 2944 128 3002 in
151 2957 276 3002 sacrum
297 2941 422 3009 locum,
446 2947 482 3001 ut
502 2956 705 3010 moneamur,
731 2939 866 3001 viventes
881 2943 938 3018 piis
958 2941 1050 3001 animi

95 3023 252 3084 affectibus
274 3041 400 3100 pergere
421 3023 532 3083 debere
553 3021 592 3081 de
612 3021 725 3081 virtute
754 3021 783 3079 in
805 3022 972 3094 virtutem,
996 3023 1049 3082 do-

95 3123 148 3166 nec
169 3105 276 3166 nidere
302 3121 475 3164 mereamur
497 3104 598 3166 Deum
628 3100 789 3163 Dominum
817 3103 851 3162 iu
885 3104 967 3165 Sion.
991 3103 1049 3165 Per

96 3187 228 3248 musicos
246 3192 354 3246 cantus
376 3186 404 3245 in
426 3183 671 3247 Processionibus
695 3183 844 3244 adhibitos
860 3184 1049 3248 demonstra·

98 3263 152 3330 tur'
167 3267 328 3328 concordia
349 3268 483 3328 omnium
499 3266 633 3330 fidelium
654 3263 690 3324 ad
707 3264 825 3328 laudem
849 3271 880 3327 et
900 3269 1047 3338 honorem

95 3347 161 3412 uei.
194 3349 312 3411 Delatio
343 3349 537 3409 candelarum
568 3363 763 3408 accensorum
792 3348 1049 3426 designatorem·
1088 3420 1091 3423 ,

93 3432 179 3509 plum
198 3430 348 3492 tonorum
369 3445 516 3507 operum,
539 3444 600 3508 qno
630 3442 735 3495 omncs
757 3426 860 3490 losum
888 3430 1046 3506 Christpm

95 3511 260 3583 sectemur,
277 3512 330 3572 sed
344 3514 523 3590 praesertim
538 3511 714 3576 Sacerdotes
735 3513 797 3587 qui,
809 3511 918 3574 debent
932 3514 1047 3590 praeire

96 3594 227 3670 populo,
251 3611 382 3672 eumque
403 3595 432 3654 iu
454 3595 535 3654 viam
560 3591 664 3655 salutis
691 3591 844 3672 dirigere,
868 3595 951 3657 iuxta
973 3591 1047 3654 illud
