2567 4042
639 150 844 225 *widr-

264 281 362 360 scopis
383 286 413 342 et
434 277 622 356 presbyteris
645 279 728 341 netas
750 300 814 343 esse
836 298 1012 342 consecrare
1033 281 1202 353 Ecclesiae,

265 383 323 425 nou
346 362 437 426 semel
460 363 536 421 sacri
557 360 692 423 Canoues
725 380 759 422 ac
794 365 902 441 summi
925 361 1079 425 Pontifices
1109 366 1204 427 edixe-

263 454 344 523 runt.
368 446 538 522 Antequam
554 440 719 522 Episcopus
741 446 969 508 consecrationis
984 446 1137 509 Ecclesiae
1153 449 1204 507 ml-

263 529 421 589 nisterium
442 526 609 604 suscipiat,
633 529 719 605 plura
740 528 828 589 debet
849 530 1027 589 observare:
1052 530 1130 591 inter
1151 530 1204 591 alia

261 612 419 687 requirere
438 610 608 685 certiorque
630 609 714 676 fieri,
740 628 776 670 an
799 609 999 671 consecranda
1014 608 1150 672 Ecclesia
1171 614 1204 672 sit
1221 662 1228 683 ,

262 694 444 755 sufficienter
465 692 579 770 dotata,
601 692 689 771 juxta
711 710 863 753 sacrorum
887 692 1041 753 Cauonum
1064 693 1203 771 praesori-

260 784 359 854 ptum,
382 774 455 853 Cap.
482 772 558 835 cam
579 776 659 836 sicat
672 772 714 855 ¹dc
739 774 964 837 Consecratc‘oac
979 772 1140 844 Ecclesiae,
1160 775 1202 835 lu·

259 858 429 925 nocentius,
453 856 482 915 iu
505 853 576 932 Cap.
594 852 784 917 Auctoritata
799 857 897 933 ibique
914 854 1014 923 Abbas
1029 850 1115 918 num'.
1133 852 1161 928 3;
1193 861 1203 916 t

261 938 420 1018 Fagoauus
442 958 471 996 n.
494 936 514 997 5
536 944 566 997 et
587 937 627 997 25
650 936 683 996 dc
708 936 857 999 Ceasiboc.
882 937 1041 1021 Abstinere
1063 956 1096 1001 se
1120 934 1155 1000 de
1193 944 1203 999 t

260 1020 424 1100 Episcopus
447 1020 484 1080 ab
499 1016 651 1079 Ecclesiae
681 1021 902 1080 consecratione
924 1021 1171 1098 quotiescumque
1183 1022 1201 1079 ii

261 1105 298 1165 ad
320 1121 395 1181 quos
416 1120 453 1163 ea
474 1102 613 1180 pertinet,
636 1101 725 1180 justis
747 1102 784 1162 de
806 1103 904 1162 causis
926 1101 1008 1163 illam
1031 1092 1199 1181 impediant.

259 1185 433 1247 Consectari
455 1184 576 1244 minime
599 1184 688 1243 debet
709 1180 843 1244 Ecclesia
866 1184 1000 1259 ternpore
1021 1184 1198 1247 Interdicti:

259 1265 413 1347 Ugolinus,
439 1266 473 1325 dc
493 1264 583 1347 officio
599 1262 736 1345 Episcopi
756 1264 828 1341 Cap.
847 1262 886 1325 28
908 1260 989 1325 uum.
1008 1266 1039 1337 3;
1056 1268 1197 1347 Barbosa‚

260 1349 295 1409 da
316 1348 408 1433 officio
425 1346 564 1427 Episcopi
575 1358 657 1426 part.
677 1346 699 1407 2
718 1348 892 1423 alleqatioae
906 1346 951 1407 26
965 1368 997 1407 a.
1014 1349 1048 1420 3,·
1063 1347 1128 1411 Pax
1143 1350 1201 1409 Jor-

258 1430 365 1507 danus,
382 1430 634 1497 Elucabratioaas
659 1426 739 1488 Tam.
756 1426 778 1487 Ι
793 1426 855 1489 Lib.
877 1430 904 1489 V
922 1430 968 1490 tit.
987 1429 1025 1491 19
1048 1451 1134 1493 num.
1153 1430 1198 1490 tt.

300 1515 358 1575 Xl.
382 1514 469 1577 Circa
492 1519 609 1587 tempus
637 1529 697 1589 quo
718 1508 854 1572 Ecclesia
875 1515 1045 1573 consecrari
1068 1515 1196 1582 debeat,

259 1614 444 1675 quamquam
467 1595 495 1652 in
517 1590 653 1669 Concilio
670 1593 945 1670 Caesaraugustam
967 1594 1131 1669 statuatur,
1149 1615 1199 1655 nou

204 1710 211 1719 f
258 1694 346 1754 posse
378 1677 634 1739 consecrationem
666 1672 769 1751 perfici
801 1675 857 1751 nisi
885 1676 989 1759 diebus
1012 1677 1196 1747 Dominicis,

257 1759 336 1838 juris
352 1761 441 1820 nostri
464 1757 736 1834 exploratissimum
752 1761 807 1818 est'
820 1776 906 1836 posse
927 1758 999 1819 illas
1014 1776 1198 1837 quocumque

256 1840 364 1920 pertici
378 1842 425 1901 die
440 1842 503 1900 sive
518 1836 626 1903 leriali,
643 1824 705 1899 slve
722 1837 840 1907 festivo,
858 1857 912 1915 per
922 1840 1050 1902 Textum
1066 1859 1200 1921 express..

259 1923 288 1982 in
319 1924 393 2001 Cap.
427 1921 491 1983 Tua
515 1920 692 1997 fraternitas
724 1918 758 1978 dc
781 1918 1009 1997 ¹Cocssccratioca
1038 1922 1196 1991 Ecclesiae.

83 2015 86 2019 '
169 2067 171 2070 ,
258 2002 465 2067 Ecclesiarum
487 2003 670 2063 consecratio
693 2001 808 2063 duobus
822 2004 926 2065 modis
954 2006 1132 2083 peragitur:
1156 2005 1198 2067 rel

257 2088 368 2150 etenim
389 2089 427 2149 ab
449 2105 508 2148 uno
530 2088 723 2145 consecratur
745 2081 918 2161 Episcopo,
942 2088 1021 2164 quod
1055 2094 1090 2149 ut
1113 2089 1198 2168 pluri·

256 2175 357 2231 mum‘
374 2169 520 2246 contigit,
549 2168 591 2227 uti
621 2167 712 2230 etiam
729 2165 895 2227 adnotavit
915 2166 1096 2245 Vari-Espeu
1118 2169 1198 2231 Iuris

256 2250 455 2313 Ecclesiastici
477 2258 561 2327 part.
586 2249 608 2308 2
629 2245 688 2309 tit.⁸
702 2246 740 2307 16
762 2249 930 2317 uum-10,
955 2252 1003 2311 vel
1025 2268 1043 2309 a
1066 2254 1197 2327 pluribus

256 2335 347 2395 simul
369 2330 535 2410 Episcopis.
559 2328 588 2389 Si
611 2332 670 2392 duo
693 2331 791 2407 itaque
821 2332 961 2408 pluresve
976 2330 1119 2411 Episcopi
1136 2353 1197 2399 eou-

252 2420 380 2475 ‘currant
401 2414 438 2474 ad
459 2411 613 2473 Ecclesiae
635 2414 901 2481 consecrationem,
925 2419 1047 2490 possunt
1069 2416 1150 2477 iuter
1169 2432 1196 2475 sc

254 2497 363 2571 partiri
386 2513 494 2557 munus
516 2492 708 2554 benedicendi
732 2500 762 2554 et
782 2496 911 2573 ungendi
932 2494 1069 2566 Cruces,
1096 2505 1131 2561 ut
1151 2499 1197 2558 do·

231 2582 305 2637 raet
326 2577 503 2638 Benedictus
525 2571 602 2635 xiv
625 2577 653 2635 io
678 2572 813 2651 Epistola
830 2580 1013 2656 primasca
1036 2576 1132 2639 Balla
1152 2577 1196 2639 Ec

258 2658 317 2720 tais
333 2660 471 2739 praeibas
493 2664 512 2730 p
535 2655 573 2716 10
596 2662 669 2731 tom.
693 2654 736 2717 lV
758 2657 893 2741 Bullarii,
919 2661 970 2736 qui
992 2656 1114 2736 quidem
1130 2668 1194 2722 tem·

254 2757 328 2820 pore
350 2740 579 2803 consecrationis
600 2738 749 2800 Ecclesiae
772 2739 801 2800 S.
817 2740 1007 2819 ‘Apollinaris
1035 2738 1074 2803 de'
1094 2737 1192 2811 Urbe,

254 2824 331 2883 duas
353 2823 470 2883 tanturn
490 2821 603 2884 Cruces
625 2821 775 2882 benedixit
796 2829 826 2881 et
846 2826 1049 2896 consecravit,
1075 2825 1194 2902 reliquas

254 2922 329 2966 vero
339 2902 445 2966 decem
460 2901 701 2968 Eminentissimo
716 2900 865 2977 Cardinali
876 2903 1057 2968 Cavalchino
1072 2909 1103 2967 iu
1116 2907 1195 2970 Mini-

255 2993 351 3061 strum
364 2988 467 3067 accito
489 2985 710 3065 consecrandas
721 2984 857 3062 reliquit.

236 3117 238 3124 .
294 3067 367 3128 ΧΠ.
385 3067 509 3129 Peracta
517 3068 670 3129 Ecclesiae
682 3068 915 3140 consecratione,
925 3071 1100 3132 conceditur
1112 3073 1193 3133 unias

253 3151 322 3218 anui
344 3149 528 3228 Indulgentia
549 3149 688 3211 omuibus
707 3146 973 3232 Christifidelibus,
998 3155 1049 3229 qui
1071 3170 1108 3215 eo
1131 3172 1194 3213 con·

252 3232 427 3309 secretionis
448 3232 520 3299 die,
543 3238 574 3294 et
601 3232 796 3313 quadraginta
817 3232 933 3293 dierum
957 3234 1017 3304 iis,
1042 3236 1094 3314 qui
1116 3236 1193 3303 anni-

252 3315 387 3374 versario
408 3313 607 3375 Dedicationis
630 3315 678 3375 die
697 3310 868 3394 Ecclesiam
896 3316 1094 3397 visitaverint:
1122 3316 1191 3395 Cap.

256 3394 333 3459 Com
355 3414 394 3456 ca
415 3414 460 3465 co‚·
481 3396 670 3466 Passerinus,
686 3394 730 3454 aa
751 3394 951 3474 licaiacus
973 3415 1002 3475 q.
1026 3397 1067 3459 85
1090 3420 1121 3459 n.
1138 3396 1192 3458 617

253 3480 286 3539 et
306 3494 414 3553 seqq.;
438 3496 473 3537 ac
494 3475 758 3557 plane‘Catalauo,
775 3477 811 3537 ad
834 3477 1005 3559 Pontificaie
1028 3480 1193 3542 Romanum

254 3564 330 3622 tom.
353 3556 375 3618 2
397 3559 501 3623 titulus
522 3561 682 3645 secundun
700 3560 879 3625 Benedictus
893 3558 981 3635 XlV,
1005 3556 1137 3645 Epistola
1156 3580 1193 3623 se·
