2567 4042
490 187 714 260 suebra-

2 317 19 370 ἐς
127 313 235 374 salute.
259 313 394 375 Passenis
410 312 519 376 Christi
536 319 682 378 memoria
698 315 936 378 fructuosissime
960 314 1079 394 legitur,

126 394 196 471 quia
213 413 266 472 per
283 397 362 454 illam
379 398 451 457 salvi
469 395 537 457 iacti
554 416 672 460 sumus.
690 398 746 464 Ne,
764 399 891 458 durante
907 415 1001 476 agone
1018 415 1083 456 mo-

11 501 18 538 :
126 478 255 546 ricmis,
279 477 439 539 Orationes
462 485 492 560 et
513 497 618 555 preces
639 482 752 548 desint,
776 479 859 539 addit
879 477 999 539 Rituale
1023 484 1083 538 tres

9 585 12 592 ¹
127 557 284 623 Psalmos,
310 579 418 638 nempe
442 559 633 642 coaptamini
656 564 793 630 Domino,
818 560 908 621 Beati
929 559 1082 620 immeru-

125 641 183 699 tart
204 649 234 700 et
265 639 416 702 diatribae.
441 641 526 702 Prior
557 644 594 705 dc
617 645 823 706 misericordia
848 643 900 701 llei
924 642 1079 717 loquitur,

126 724 202 784 alter
225 724 261 782 de
285 725 430 786 munditia
452 726 560 795 cordis,
586 729 692 789 tertius
713 745 787 788 vero
807 725 845 785 de
867 724 984 784 animae
1006 722 1082 783 desi-

125 804 209 864 derio
231 804 348 865 fruendi
370 807 447 866 bona
469 807 620 868 coelestia.

166 885 220 946 lv.
245 886 369 948 Summa
391 905 509 965 semper
531 889 588 950 luit
609 889 744 950 fidelium
771 889 866 968 pietas
894 904 967 962 erga
989 885 1083 946 morti

4 1000 17 1037 ;,
125 971 303 1046 proximos,
328 974 362 1030 ut
383 987 434 1029 eos
456 971 485 1029 in
506 973 588 1032 exitu
611 973 691 1031 ritae
713 971 774 1032 suis
796 969 989 1030 Orationibus
1016 984 1081 1044 pre·

2 1083 17 1120 e
124 1051 271 1126 cibusque
293 1051 330 1110 ab
354 1049 484 1110 Ecclesia
506 1053 640 1128 probatis
663 1052 852 1131 adjuvarent.
877 1049 944 1111 Hoc
968 1065 1080 1108 munus

12 1181 16 1189 .
126 1133 313 1208 potissimum
324 1133 461 1193 Parocbo
474 1134 659 1202 incumbere,
683 1136 860 1195 innumerae
876 1135 953 1214 pene'
966 1129 1097 1208 synodi<

0 1244 13 1275 r.
125 1218 250 1274 testatae
271 1221 351 1284 sunt,
375 1217 452 1276 inter
466 1233 540 1292 quas
561 1214 755 1276 Provincialis
770 1214 813 1277 lV
835 1213 1078 1274 Mediolanensis.
1132 1265 1135 1270 .

11 1342 16 1352 ,.
123 1295 171 1354 Ad
187 1297 364 1356 morientem
389 1297 509 1358 tandem
533 1299 612 1372 qnod
635 1299 757 1367 attinet,
781 1303 884 1357 monet
904 1293 1023 1355 Rituale
1046 1300 1080 1354 ut

9 1413 15 1448 2
122 1377 184 1454 ipre
199 1378 338 1443 moriens,
362 1380 503 1458 sipotest,
529 1379 618 1449 dicet,
636 1381 682 1440 orl
703 1383 730 1439 si
751 1398 812 1439 noo
824 1387 927 1458 potest,
943 1375 1081 1437 assistens

87 1498 91 1503 -
122 1461 183 1520 aloc
199 1459 344 1520 Sacerdos
361 1479 418 1537 pro
434 1481 466 1520 eo
489 1463 575 1521 claro
589 1481 657 1522 uoce
666 1462 865 1542 pronunciet:
890 1457 974 1525 Iesu,
998 1454 1077 1522 Iesu,

6 1543 14 1616 ζ,
121 1540 201 1601 Iesu.
225 1541 345 1614 Quanta
377 1544 414 1603 sit
441 1544 536 1603 virtus
557 1544 760 1605 invocationis·
775 1542 953 1603 sanctissimi
974 1535 1079 1598 Nomi-

1 1663 11 1698 ἵ
122 1623 169 1680 nis
184 1621 262 1691 lesu,
287 1623 499 1700 Apostolorum
515 1625 738 1702 princeps-satis
752 1643 808 1684 nos
823 1625 922 1688 docet,
947 1620 1019 1697 Cep.
1034 1617 1080 1679 ΙΙΙ

123 1703 256 1763 Actuum
279 1703 511 1782 Apostolorum,
534 1707 584 1767 ubi
607 1709 645 1770 de
666 1726 703 1770 eo
725 1707 845 1768 nomine
867 1705 1009 1780 loquens,
1035 1702 1078 1760 sic

122 1786 245 1862 inquit:
268 1783 336 1846 Non
358 1797 398 1847 est
418 1787 452 1847 io
473 1789 534 1848 elio
556 1790 663 1869 alique
683 1790 788 1857 saluar
810 1808 863 1848 nec
886 1785 964 1844 enim
992 1781 1078 1845 eliud

121 1885 228 1927 nemra
251 1877 292 1930 est
313 1869 365 1928 sub
387 1870 462 1929 coelo
485 1869 588 1931 datum
609 1872 775 1932 bominibus
802 1872 837 1929 r‘n
867 1886 924 1947 quo
946 1873 1079 1946 oporteat

121 1966 175 2008 rios
198 1951 293 2010 rrrloos
312 1949 389 2030 fieri.
413 1951 464 2010 Pia
486 1951 650 2013 admodum
665 1957 713 2012 est
733 1950 918 2012 consuetudo
939 1945 1079 2024 pulsandi

122 2028 303 2107 Campanam
326 2031 354 2091 in
369 2034 452 2104 exitu
469 2035 635 2102 morientis,
660 2039 691 2094 et
705 2032 741 2093 fir
761 2039 796 2093 ut
810 2032 937 2108 populus
951 2029 1077 2090 audiens

122 2128 176 2188 pro
192 2114 365 2189 agonizante
380 2121 456 2188 oret.
470 2114 610 2176 Instituta
626 2121 672 2174 est
693 2115 784 2175 etiam
807 2111 957 2189 aliquibus
980 2108 1010 2168 in
1032 2109 1077 2169 lo·

1 2239 6 2249 .
121 2194 163 2252 cis
180 2195 228 2271 pia
243 2195 477 2256 Conlraternitas
498 2203 668 2273 nuncupata
684 2195 922 2274 Agonizantium
937 2188 998 2263 cui,
1023 2189 1076 2267 qui

119 2277 313 2340 associantur,
340 2282 479 2337 tenentur
492 2281 619 2338 recitare
643 2277 800 2337 nonnullas
822 2291 929 2352 preces
952 2272 982 2331 in
1004 2277 1075 2332 actu

121 2361 263 2416 transitus
286 2356 411 2434 alicujus
434 2358 529 2418 fidelis
561 2378 598 2420 ex
623 2359 679 2418 bac
701 2361 773 2420 vita.
798 2358 921 2434 Cognita
945 2356 1073 2414 veritate

121 2435 159 2498 de
182 2440 379 2514 expiratione,
397 2438 543 2501 Sacerdos
565 2441 709 2501 inchoare
726 2441 822 2506 ,debet
844 2455 975 2515 precem:
1000 2436 1075 2497 Sob-

120 2521 215 2580 verite
239 2517 341 2581 Sertori
364 2520 438 2588 uer.
463 2539 540 2597 quae
562 2529 609 2584 est
629 2523 861 2598 antiquissima.
892 2526 923 2579 et
944 2518 1074 2578 babetur

120 2603 211 2660 eliam
235 2603 262 2660 in
286 2602 506 2677 Antiphonario
528 2603 559 2664 S.
577 2603 728 2682 Gregorii.
751 2601 818 2662 Hoc
840 2600 1075 2676 Responsorium

120 2681 164 2741 bis
188 2700 240 2758 pro
256 2699 448 2759 quocumque
465 2685 605 2746 defuncto
628 2686 784 2745 recitatur.
807 2683 840 2742 ln
856 2683 946 2743 domo
967 2680 1074 2742 delun·

121 2764 161 2823 cti
177 2766 321 2825 recitatur
336 2767 489 2842 privatim,
508 2769 533 2826 in
551 2766 686 2828 Ecclesia
701 2785 775 2826 vero
790 2764 921 2844 publice3
939 2764 969 2823 in
981 2764 1071 2823 domo

120 2846 298 2905 invocantur
321 2845 426 2924 Angeli
449 2850 594 2910 tutelares
616 2850 700 2918 loci,
725 2849 755 2907 iu
776 2846 912 2910 Ecclesia
933 2843 1074 2930 custodes

118 2926 282 2988 Ecclesiae.
305 2926 419 2988 lterum
443 2929 593 3007 Campana
616 2930 760 3008 pulsanda
782 2929 940 2994 statuitur,
964 2931 998 2988 ut
1020 2926 1072 3001 qui

117 3011 185 3069 eam
208 3009 341 3080 audiunt,
365 3018 451 3072 orent
472 3031 526 3089 pro
548 3013 646 3072 anima
669 3011 811 3072 defuncti.
826 3009 924 3070 Variis
946 3007 1072 3069 nomiui·

117 3092 173 3150 bus
201 3092 319 3168 signnm
349 3091 407 3152 boc
438 3094 466 3151 in
496 3093 622 3153 dirersis
651 3093 824 3168 regionibus
852 3094 1069 3166 nuncupatur,

116 3189 226 3252 nempe
252 3169 418 3244 Transierat,
442 3172 636 3240 Extremum,
659 3175 719 3234 doe
740 3173 845 3236 Morio
867 3171 1068 3237 Mortuerum.

117 3252 228 3330 Sponte
250 3273 304 3316 sna
327 3256 461 3314 sonuisse
477 3253 689 3333 Campanasiu
704 3255 879 3316 Sanctorum
903 3253 1070 3314 multorum

117 3336 209 3405 obitu,
236 3352 273 3396 cx
295 3354 400 3397 eorum
418 3335 495 3398 Vitis
521 3338 675 3398 addiscere
691 3338 789 3398 licata
804 3335 1004 3397 Bollandianis
1019 3332 1069 3392 de·

119 3417 247 3493 seriptis.
271 3415 328 3478 Sed
351 3436 424 3478 sono
447 3418 497 3479 illo
518 3420 727 3479 excitabantur
747 3436 837 3494 saepe
857 3417 960 3478 iideles
975 3416 1012 3476 ad
1033 3432 1068 3476 se

117 3504 217 3558 sancto
239 3499 434 3560 bomini-vita
458 3501 585 3573 iuncto,
609 3518 678 3561 cum
702 3499 829 3563 Christo*
851 3500 881 3561 in
908 3498 1000 3562 coelis
1022 3514 1070 3556 re·
1143 3495 1153 3504 ’

116 3581 233 3657 guenti,
258 3581 521 3642 commendandos.
