2567 4042
388 196 666 271 ,metm-

103 327 217 386 horninis
238 327 494 394 intersectionem,
517 345 571 404 per
592 329 723 406 gratiae,
747 343 823 404 quae
846 326 953 388 interni
975 326 1030 385 ho-

100 408 176 468 rninis
196 410 295 470 lumen
327 427 363 469 ac
390 409 528 487 splendor
556 417 603 471 est
618 449 632 479 ,·
650 409 852 471 exclusionem
873 411 910 468 ab
931 425 966 469 eo
988 407 1031 467 ia·

100 496 180 561 olam,
192 491 221 548 in
236 509 327 567 quem
342 491 503 552 anathema
517 493 715 568 intorquetur.
728 492 886 552 Praeterea
903 491 945 551 nti
960 507 1030 550 ana-

98 572 218 633 themata
238 592 307 633 curn
334 573 600 652 imprecationibus
619 574 832 641 vibrabantur,
850 573 890 634 ita
911 589 1031 648 quoque

97 672 153 714 mos
171 656 239 715 olim
260 655 330 727 luit,
346 663 382 716 ut
403 657 455 717 ubi
477 659 545 734 ipsa
567 656 803 728 absolverentur,
818 657 919 715 variae
941 653 1030 714 bene·

96 736 246 798 dictionum
262 737 410 798 formulae
431 756 449 797 a
464 736 626 799 Sacerdote
642 739 820 814 absolutioni
836 736 1031 814 adjungeren-

97 824 149 877 tur.
164 817 264 889 Plura,
282 820 413 880 selectu
435 821 524 898 digna
540 819 637 879 videri
659 821 695 880 de
718 838 751 880 ea
768 837 801 879 re
817 825 939 898 possunt
953 817 1029 894 apud
1081 896 1084 900 ¹

95 899 318 962 eruditissimum
341 901 487 963 Aloisium
508 903 695 962 Novarinum
711 901 830 962 Ordinis
844 901 1030 964 Clerieorum

94 979 302 1058 Regnlerium,
326 985 357 1042 in
377 982 478 1062 Opere
499 984 548 1046 eui
570 980 714 1044 Titulus:
739 983 963 1045 schediasmate
983 998 1030 1040 sc·

48 1114 51 1125 .
93 1066 309 1148 cruprophdrtn.

451 1225 578 1290 CAPUT
598 1227 654 1292 lv.

172 1410 215 1452 DE
236 1409 354 1454 ORDINE
375 1409 418 1453 ΑΙ)
438 1407 714 1454 RECONCMANDUM
736 1407 934 1457 Arusianus,

287 1491 516 1536 semensrteutt
536 1491 577 1534 ET
600 1489 813 1534 annuntietur.

123 1633 145 1693 1.
169 1636 327 1714 Aposlasia
348 1636 493 1696 aLatinis
513 1637 633 1716 proprie
650 1631 774 1696 desertio
796 1637 941 1714 appellata
963 1641 1024 1704 est3
1076 1692 1080 1699 ,

88 1715 221 1795 idemque
243 1725 329 1778 sonat
349 1724 483 1795 apostata
514 1737 548 1779 ae
572 1719 728 1778 desertor:
754 1718 796 1779 uti
825 1716 972 1797 conjicere
995 1717 1029 1774 li-

86 1804 128 1857 cet
145 1817 183 1859 ex
204 1802 262 1878 lep.
287 1801 477 1861 Desertorem
497 1799 517 1864 b
539 1800 574 1860 de
595 1819 628 1860 rc
650 1802 791 1860 militari.
808 1799 954 1873 Quamvis
974 1817 1027 1858 au-

29 1914 30 1917 =
88 1882 141 1940 tem
162 1886 319 1958 apostatae
340 1884 487 1953 dicantur,
504 1884 556 1959 qui
571 1883 675 1944 relicto
690 1881 826 1942 Clericali
849 1881 1025 1949 ministerio,

87 1968 113 2022 et
131 1964 263 2040 regulari
284 1964 475 2040 professione,
500 1967 550 2024 cui
572 1969 642 2024 voto
664 1963 796 2023 adstricti
820 1969 898 2033 sunt,
922 1963 958 2023 ad
981 1979 1027 2022 se·

86 2045 216 2106 cularem
237 2045 331 2105 vitam
354 2050 531 2116 transeunt;
555 2047 584 2104 in
606 2046 754 2122 praesenti
777 2049 877 2104 tamen
899 2061 953 2122 pro
970 2042 1027 2102 illis

86 2127 279 2205 accipiuntur,
297 2127 346 2203 qui
361 2133 530 2204 susceptam
545 2125 746 2188 Christianam
761 2125 865 2186 Fidem
888 2127 1027 2201 deseren-

87 2213 137 2276 tes,
155 2209 197 2267 ad
220 2207 349 2268 nefarios
363 2208 516 2280 iudaicae,
539 2209 586 2270 vel
601 2209 737 2286 Paganae
759 2206 973 2286 superstitionis
988 2207 1028 2266 ri·

86 2295 130 2349 tus
143 2289 319 2359 deflectunt,
338 2295 368 2350 et
381 2299 518 2351 sanetum
534 2291 685 2368 baptisma
700 2289 1028 2368 profanantsehisma-

87 2370 171 2432 licia
195 2373 325 2432 scissura
347 2371 497 2444 dicuntur,
510 2375 581 2450 quia
603 2373 722 2434 scilieet
737 2373 774 2432 ab
797 2373 910 2434 unitate
924 2367 1028 2430 Eccle-

86 2452 142 2513 siae
153 2451 337 2523 Catholicae,
354 2471 431 2529 quae
453 2459 500 2514 est
522 2458 551 2514 in
566 2456 701 2516 Romano
717 2451 860 2516 Pontifice
875 2461 1029 2530 tamquam

84 2532 110 2591 in
123 2533 239 2613 Capite,
263 2552 296 2594 se
318 2535 542 2610 praescindunt3
566 2536 638 2598 Can.
656 2536 803 2597 Schisma.
819 2533 895 2595 Nam
917 2534 969 2612 qui
983 2534 1028 2593 di-

85 2617 206 2678 scedunt
227 2637 244 2676 a
266 2622 370 2676 centro
391 2618 422 2675 in
443 2634 503 2693 quo
523 2619 620 2679 unitas
642 2618 766 2689 existit,
792 2618 812 2676 ii
834 2617 969 2694 proiecto
990 2617 1028 2676 ab

86 2701 196 2760 unitate
217 2698 395 2770 discedunt;
417 2716 473 2759 nec
494 2717 565 2760 oum
580 2698 716 2762 Ecclesia
738 2697 866 2776 conjucti
883 2717 947 2759 esse
961 2716 1029 2776 pos-

84 2785 171 2850 sunt,
195 2780 308 2858 quiab
328 2777 394 2857 ejus
415 2780 519 2857 Capite
546 2781 688 2860 disjuncti
716 2782 926 2864 ae,dissociati
948 2786 1026 2840 sunt.

83 2857 233 2924 Haeretici
253 2860 375 2921 tandem
396 2869 466 2923 sunt
486 2863 547 2935 illi,
571 2863 622 2940 qni
645 2865 779 2942 quolibet
800 2863 888 2923 modo
911 2864 949 2924 ab
965 2859 1028 2920 'Or-

86 2943 224 3004 thodoris
245 2943 441 3014 dissentiunt,
465 2950 496 3004 et
516 2947 546 3005 in
569 2945 720 3007 Catholiea
734 2943 814 3010 ¹Fide
836 2961 904 3005 cunr
926 2944 1030 3004 Eccle-

86 3026 125 3086 sia
147 3025 285 3086 Romana
306 3043 364 3085 nun
385 3025 577 3087 conveniunt.

120 3106 159 3167 ΙΙ.
185 3106 282 3168 Vetus
302 3111 348 3168 est
360 3105 512 3170 Ecclesiae
534 3125 609 3176 mos,
633 3108 734 3187 utqui
755 3110 785 3169 in
808 3107 957 3168 haeresim
981 3123 1027 3167 se·

83 3188 139 3250 nael
161 3189 350 3258 inciderunt,
373 3189 522 3251 etiamad
545 3193 785 3252 communionem
806 3187 958 3251 Ecclesiae
980 3205 1028 3249 re·

83 3269 228 3340 deantes,
251 3287 310 3331 non
332 3275 447 3338 temere
469 3272 651 3348 suscipiendi
672 3273 754 3342 sint,
786 3272 837 3334 sed
858 3271 942 3349 prius
963 3269 1029 3330 dili·

84 3352 159 3428 genti
178 3353 398 3414 examinatione
418 3353 587 3432 probandi,
611 3372 659 3415 an
671 3371 743 3415 vere
765 3373 796 3416 se
818 3357 850 3414 et
870 3370 908 3413 ex
930 3355 1029 3412 anirno

84 3433 266 3512 corrigentes
287 3440 491 3497 revertantur.
513 3433 592 3497 Illud
613 3443 716 3498 autern
738 3455 775 3496 ex
797 3435 888 3496 sacris
902 3431 1028 3496 Canoni·
1132 3481 1137 3490 .

85 3512 148 3584 bus,
164 3521 194 3577 et
207 3515 312 3594 priscis
327 3513 466 3579 Patribus
480 3522 605 3588 constal,
620 3536 676 3596 pro
690 3519 836 3580 varietate
855 3518 1026 3596 haeresum,

85 3611 119 3655 ae
139 3603 323 3678 temporum,
338 3603 430 3679 atque
449 3598 596 3672 locorum,
613 3600 716 3663 varios
737 3599 808 3662 olim
830 3605 963 3662 serratos
977 3597 1029 3659 ru-

850 3698 864 3728 s
