2567 4042
602 196 806 269 wilm·

230 326 373 389 habetur.
397 322 524 385 Variant
542 326 621 405 apud
648 325 780 391 Graecos
807 325 1000 405 Menologia‚
1032 344 1087 403 pro
1114 328 1183 389 loco

230 416 263 471 et
290 414 426 485 tempore
445 414 547 471 aucta
568 415 600 469 et
620 409 790 471 immutata.
813 406 920 470 Exstat
941 407 1180 486 Menoloqiama

230 490 388 552 cardinale
409 490 519 551 Sirleto
542 490 632 552 latino
654 508 823 560 versum,a
845 489 962 552 Canisio
978 488 1091 551 editum
1104 485 1182 569 (An-

227 578 339 653 tiquae
360 569 522 631 loctioncr.
545 570 581 631 T.
606 570 671 655 V.)
697 571 814 634 Verum
846 574 979 634 omnium
1010 572 1183 648 antiquissi-
1265 608 1266 617 κ

229 673 314 715 mum
341 662 374 714 et
401 654 648 731 augustissimum
680 662 727 717 est
747 653 951 734 Monoloqiam
972 654 1046 714 illud
1078 653 1185 719 Basilii

229 737 423 813 Imperatoris
444 736 543 795 studio
571 740 603 795 et
623 735 710 814 jussu
732 736 928 815 descriptum.
952 733 1114 815 Monoloyii
1127 736 1181 796 ua-

229 818 334 881 silioni
365 836 416 877 sex
438 820 581 895 postremi
613 836 734 879 menses
752 860 759 885 ‚
781 818 935 889 Martius,
958 816 1094 893 Aprilis,
1119 822 1184 879 etc.¹

229 905 337 980 graece
358 902 479 960 exstant
493 902 689 977 manuscripti
712 902 743 959 in
757 898 940 961 Monasterio
965 898 1098 979 Cryptoc
1112 896 1182 958 For·
1257 917 1261 975 r

229 993 328 1045 rotae.
352 980 411 1042 Sex
434 998 556 1056 quoque
571 980 706 1059 ejusdem
722 982 883 1059 Menologii
906 999 1023 1043 meuses
1045 982 1082 1039 ab
1094 982 1182 1041 initio
1257 978 1266 1043 l

229 1064 417 1142 Septembris
438 1062 477 1123 ad
494 1062 653 1125 Februarii
674 1062 765 1124 linem
789 1083 805 1125 a
828 1063 915 1126 Petro
938 1062 1069 1125 Arcadio
1091 1062 1188 1123 latine
1259 1110 1260 1137 ,

229 1146 363 1208 redditos
378 1145 510 1220 primum
522 1146 669 1207 exhibuit
683 1144 889 1207 Ferdinandus
903 1143 1057 1225 Ugbellius
1072 1142 1187 1204 Italiae
1259 1176 1260 1179 =

231 1229 344 1291 Sacrae
364 1225 399 1285 Τ.
426 1225 479 1285 vl.
504 1226 618 1289 Deinde
640 1229 791 1305 integrum
818 1244 924 1305 graece
952 1233 986 1288 et
1010 1226 1102 1289 latine
1127 1224 1184 1287 Ur-

230 1311 295 1371 bini
315 1308 426 1386 prodiit
445 1327 524 1370 anno
540 1308 773 1372 Mbcexxvlr
795 1310 891 1371 tribus
904 1308 1106 1371 uoluminibus
1128 1308 1187 1369 iol.

230 1410 306 1454 cura
328 1389 564 1453 Eminentissimi
586 1390 751 1453 Cardinalis
773 1391 928 1453 Annibalis
949 1390 1070 1450 Albani.
1093 1388 1186 1450 Συνω
1259 1448 1260 1457 ἦ

172 1535 176 1542 ,
230 1473 339 1552 inpia,
370 1470 568 1542 Sinooeorim
598 1475 770 1536 subtritae
792 1473 969 1535 Sanctorum
992 1473 1019 1532 ia
1041 1490 1184 1550 compen·

230 1557 315 1617 dium
339 1555 479 1616 redactam
512 1562 543 1616 et
564 1558 715 1622 succincta
737 1555 882 1633 expositio
904 1550 1113 1615 sollemnitatis
1140 1555 1189 1617 de
1260 1610 1261 1621 ,

230 1654 291 1715 qua
312 1637 424 1713 agitur,
449 1655 487 1697 ex
508 1637 643 1699 Menaeis
665 1646 697 1701 ct
717 1638 929 1716 prolixioribus
950 1635 1138 1697 Graecorum
1153 1636 1185 1696 li·
1260 1636 1261 1641 ’

229 1718 295 1779 bris
315 1718 551 1791 ecclesiasticis,
582 1721 612 1779 in
634 1722 822 1799 angustiores
845 1719 987 1781 terminos
1015 1724 1186 1779 contracta.

228 1806 433 1873 Ευαγγελιον,
458 1799 678 1879 Ευακφάἰυω,
702 1800 804 1865 Codex
826 1807 872 1862 est
897 1802 927 1861 in
948 1820 1008 1878 quo
1034 1800 1187 1878 descripta
1259 1815 1261 1871 ξ

162 1940 169 1951 ,
222 1888 300 1944 sunt
312 1880 489 1960 Evangelia,
506 1900 565 1942 uon
587 1883 709 1961 quidem
732 1884 903 1947 continuata
925 1882 1068 1945 historiae
1084 1882 1192 1944 Evan-
1260 1906 1261 1909 ¹

220 1963 341 2043 -gelicae
362 1965 459 2034 serie,
483 1964 536 2024 sed
557 1966 588 2025 iu
610 1974 693 2029 certa
714 1968 850 2028 themata
872 1964 991 2034 divisa,
1015 1980 1093 2043 quae
1114 1982 1193 2043 pro·

220 2046 470 2123 pannessiares
491 2045 683 2119 constituant,
700 2050 737 2109 ad
762 2066 849 2109 usum
865 2046 1050 2125 singulorum
1065 2046 1187 2107 dicrum

213 2150 214 2155 ¹
230 2133 261 2188 et
276 2126 474 2189 festivitatum
498 2130 632 2206 exceptis
653 2132 733 2191 enim
746 2128 995 2199 solemnitatibus,
1009 2145 1087 2207 quae
1098 2146 1187 2205 pecu·
1261 2152 1262 2201 l

234 2210 309 2270 liare
332 2210 388 2269 sibi
411 2214 538 2286 poscunt
558 2208 768 2288 Eraugellum,
792 2212 822 2273 in
845 2209 968 2289 reliquis
989 2212 1058 2271 anni
1079 2206 1192 2269 diebus

195 2329 197 2332 -
225 2292 274 2351 -ita
295 2292 513 2369 dispertiuntur
530 2307 547 2361 ,’
564 2297 599 2352 ut
620 2294 709 2355 unius
730 2294 814 2370 prius
834 2292 1044 2371 Evangelistas
1066 2295 1186 2353 textum
1262 2328 1263 2347 ,

205 2436 210 2447 ‚
234 2374 263 2432 in
287 2374 423 2435 themata
444 2373 580 2433 dividant
608 2375 767 2437 ctdiebus
789 2374 949 2451 applicent,
966 2376 1061 2437 donec
1082 2372 1190 2444 limate

196 2452 200 2461 ”
233 2454 426 2532 postmodum
444 2454 567 2515 alterius
582 2456 770 2536 continuent,
787 2456 880 2517 donec
896 2458 997 2517 omnia
1017 2457 1055 2516 ad
1070 2455 1188 2517 exitum

222 2536 440 2613 perduxerint,
455 2541 487 2597 et
508 2536 613 2598 diebus
636 2535 802 2599 Dominicis
823 2536 1008 2616 ascriptore
1030 2535 1189 2617 Evangelii

232 2634 343 2678 nornen
366 2618 532 2694 imponant.
555 2617 752 2698 Πσαλτηριον
772 2661 780 2687 ,
803 2617 1005 2688 Pectoribus,
1028 2617 1125 2701 Liber
1142 2625 1192 2681 est
1265 2682 1266 2697 ,

231 2701 389 2760 continens
409 2717 515 2761 omnes
537 2697 672 2762 Psalmos
694 2700 853 2763 llavidicos
882 2719 919 2762 eo
941 2702 1043 2775 ordine
1071 2719 1132 2779 quo
1152 2702 1186 2761 in

226 2782 327 2842 sacris
350 2780 454 2841 Bibliis
476 2781 627 2843 habentur
644 2818 663 2855 ,-
676 2784 727 2844 sed
751 2784 780 2861 in
802 2789 899 2843 cerus
920 2784 1029 2845 classes
1046 2812 1065 2855 ,a
1086 2782 1193 2859 plures

232 2862 280 2922 vel
304 2864 462 2941 pauciores
482 2861 616 2923 Psalmos
633 2899 652 2933 ,v
666 2866 720 2941 p'ro
743 2882 848 2925 eorum
872 2864 1054 2943 longitudine
1082 2865 1192 2925 distin*

233 2948 308 3005 ctos.
325 2943 389 3005 Has
410 2945 559 3005 sectiones
574 2943 682 3005 Graeci
697 2947 881 3016 καθιεματα,
898 2947 960 3007 sive
979 2948 1119 3008 sessiones
1135 2964 1192 3007 vo·

234 3034 313 3088 cant.
330 3033 440 3104 Τριτα,
461 3024 685 3097 Trito‚1dicitur
707 3027 848 3088 Ollicium
870 3026 1115 3090 Ecclesiasticum
1132 3044 1192 3105 pro

232 3108 386 3180 defuncto,
404 3109 493 3172 tertio
515 3108 554 3169 ab
572 3108 638 3187 ejus
653 3110 737 3171 obitu
753 3110 801 3169 die
817 3108 1015 3173 celebratum.
1031 3106 1186 3189 Τριαδικα,

137 3234 144 3258 ,
208 3212 216 3220 ¹⁴
238 3187 405 3260 Triodico,
434 3189 549 3269 Hymni
571 3197 666 3259 sunt,
696 3193 759 3253 sive
786 3188 957 3269 tropario,
982 3194 1011 3253 in
1040 3192 1191 3253 honorem

234 3271 286 3355 sb.
310 3272 484 3344 Trinitatis,
513 3274 543 3333 in
566 3270 709 3353 Liturgiis
731 3274 885 3335 decantari
917 3274 1015 3335 solita.
1037 3270 1192 3353 Προψαλ·

231 3374 326 3425 ματα,
344 3353 569 3434 Propsoimora,
585 3352 721 3416 Psalmus
735 3360 782 3417 est
799 3354 858 3418 103
879 3353 1056 3418 Praemiolis
1076 3357 1186 3421 dictus,

226 3453 294 3495 -non
316 3436 394 3512 quod
428 3436 482 3495 toti
504 3433 650 3496 Psalterio
673 3436 881 3515 praeligatus,
905 3438 959 3500 sed
980 3438 1060 3517 quod
1089 3440 1128 3501 ab
1150 3452 1192 3500 eo

228 3516 454 3577 divinaoilioia
475 3517 668 3581 inchoentur.
1106 3546 1107 3549 ¹
