2567 4042
477 189 703 262 01035300·-
792 209 796 217 “

111 311 205 374 diae:
230 319 321 391 atque
346 316 548 396 indulgentiae
580 324 701 397 tempus
724 325 848 379 vocatur
880 337 898 380 a
924 314 1071 399 Dionysio

115 391 329 468 Caribusiauo,
348 397 464 461 Nonics.
483 399 510 460 1.
531 402 611 470 ideo,
627 408 661 462 ut
675 399 784 461 infirmi
800 403 909 472 anima,
923 402 1025 464 donec
1038 405 1070 464 in

111 493 244 556 corpore
259 486 315 546 est,
339 482 478 559 expietur
494 484 531 542 ab
546 485 626 545 omni
643 485 734 544 etiam
756 481 814 543 leri
836 483 932 560 eulpa,
956 490 988 546 et
1002 503 1069 560 poc·

114 576 168 618 nas
189 561 218 619 in
235 559 413 637 Purgatorio
429 565 598 626 tolerandus
619 567 789 636 imminuat,
813 568 850 623 'ad
868 564 1068 644 indulgentias

111 659 129 700 a
146 639 276 704 Summis
290 642 484 708 Pontificibus
507 664 663 709 concessas
677 647 894 708 recurrendum
909 654 965 709 est.
990 647 1068 710 Mul·

113 728 161 782 tae
185 723 392 803 Indulgentiae
416 733 496 797 sunt,
520 749 597 806 quae
619 731 774 791 lucrantur
796 746 866 789 cum
889 729 973 790 brevi
988 731 1069 790 inro-

109 807 228 867 eatione
252 812 456 872 tantummodo
478 811 663 873 Sanctissimi
677 811 812 871 Nominis
834 811 914 872 lesu.
938 812 1005 873 Hoc
1019 811 1065 871 ia·

110 886 168 946 0110
190 889 332 949 insinuari
355 899 450 968 potest
472 894 608 964 infirmo,
635 899 685 962 ut,
708 911 797 970 quam
820 894 938 970 saepius
961 895 1062 970 possit,

110 967 184 1029 illud
206 972 353 1032 ineiiabile
378 994 484 1038 nomen
503 983 629 1052 repetat,
644 979 686 1036 ‘et
706 977 734 1033 in
756 983 893 1037 extremo
915 976 1063 1054 agoneul-

4 1073 5 1078 ¹
101 1049 184 1111 'lima
206 1047 245 1113 s'it
266 1055 339 1114 lraee'
363 1069 432 1122 vox,
456 1076 531 1133 quae
554 1059 590 1117 ab
613 1059 674 1127 1110,
699 1058 804 1118 saltem
828 1057 936 1118 eorde.
959 1060 983 1116 si
1007 1076 1065 1118 non

108 1148 189 1202 ore,
216 1142 382 1210 promatur.
413 1136 562 1200 Plurimae
586 1149 740 1218 praetcrea
762 1145 832 1199 snut
860 1138 1071 1217 indulgentiae

111 1214 272 1277 lucrandae
295 1220 323 1278 in
345 1222 472 1280 articulo
496 1223 611 1290 mortis,
635 1223 683 1282 vel
707 1239 759 1298 per
783 1221 956 1281 filiationem
977 1222 1066 1298 spiri.-

110 1299 236 1366 malem,
261 1314 320 1374 qua
337 1292 430 1363 multi
441 1306 531 1365 variis
553 1303 760 1382 Religionibus
781 1309 991 1381 aggregantur,
1015 1301 1062 1363 rel

110 1395 164 1453 per
178 1384 421 1458 aggregationem
443 1387 530 1446 alicui
546 1385 799 1455 Coniraternitati‚
825 1386 940 1462 vel'per
958 1385 1065 1444 recita·

110 1461 222 1522 tionem
245 1464 375 1542 alicujus
402 1469 555 1528 orationis.
581 1467 704 1528 Praeter
726 1468 817 1527 hasce
839 1465 1063 1542 indulgentias,

109 1546 326 1606 recentioribus
342 1548 469 1608 saeculis
490 1551 601 1610 multas
623 1550 697 1610 alias
718 1549 834 1614 Summi
847 1547 972 1606 Romani
989 1547 1065 1607 Pon-

111 1623 204 1685 tiiiees
227 1627 354 1702 globulis
377 1630 588 1704 piacularibus.
614 1633 863 1707 numismatisquc
885 1629 1064 1689 Sanctorum

110 1702 293 1783 Imaginibus
309 1710 453 1788 insignitis
475 1713 638 1774 concedere
654 1719 886 1777 consueverunt,
910 1717 943 1770 ut
958 1712 1063 1772 iisdem

108 1785 146 1846 ad
162 1807 248 1848 suam
266 1793 398 1867 ipsorum
415 1796 599 1870 spiritualem
618 1798 778 1857 utilitatem
797 1796 825 1852 iu
840 1792 967 1854 articulo
983 1812 1062 1853 mor-

109 1871 147 1930 tis
170 1877 336 1933 uterentur.
360 1873 439 1934 Hinc
459 1877 492 1937 S.
511 1875 654 1939 Camillus
676 1877 829 1945 debebis,
850 1874 976 1952 jamjam
1000 1894 1063 1934 mo-

108 1951 335 2023 ritrrrus⁸teste
351 1954 493 2018 Cicatello
517 1960 546 2018 in
561 1957 626 2037 ejus
638 1959 709 2018 Vita
733 1959 796 2018 lib.
815 1957 843 2018 ll
865 1957 937 2033 Cap.
955 1956 1062 2016 XVlil

108 2033 235 2110 alligato
257 2037 378 2098 babebat
396 2041 514 2118 uirique
529 2043 649 2101 brachio
670 2060 760 2101 sorra
782 2040 967 2100 numismate
985 2037 1063 2098 Poo-

108 2113 198 2194 iifiea's
218 2117 414 2180 bencdictione
437 2121 546 2184 ditata.
641 2168 646 2176 .

149 2195 189 2256 11.
213 2197 357 2270 Quamvis
378 2208 544 2269 antemon
566 2205 682 2265 Divinis
704 2203 866 2276 Scripturis
888 2201 985 2262 Sancti
1009 2199 1061 2260 Pa·

107 2284 180 2349 1000,
205 2298 239 2340 ac
265 2279 409 2360 ¹Theologi
436 2287 566 2354 tradunt,
590 2293 693 2346 actum
716 2287 778 2364 spei
805 2285 925 2359 saepius
947 2285 975 2342 in
1000 2285 1061 2344 vita

106 2359 219 2422 elicere
242 2361 450 2435 Christianus,
484 2369 673 2444 potissimum
703 2373 803 2427 tamen
834 2366 945 2427 elicere
975 2365 1062 2425 iilum

106 2442 137 2500 in
154 2445 266 2503 'mortis
288 2447 422 2522 periculo
444 2448 545 2520 debet;
569 2452 636 2526 quia
660 2450 801 2511 nimirum
825 2467 894 2515 cum
917 2465 953 2508 co
976 2463 1063 2525 prae-

104 2526 209 2584 sertim
240 2532 376 2607 tempore
404 2528 536 2592 diabolus
568 2538 759 2609 peccatorum
790 2536 961 2591 nostrorum
984 2528 1061 2590 mul·

106 2605 267 2668 titudinem
289 2627 324 2670 ae
347 2611 525 2687 gravitatem
548 2614 633 2674 nobis
648 2618 884 2692 repraesentans,
908 2613 939 2670 in
954 2613 1062 2686 despe·
1158 2674 1162 2683 ,

106 2687 254 2749 rationem
271 2690 413 2753 inducere
438 2712 491 2754 nos
513 2700 627 2767 tentet,
652 2697 720 2755 ideo
745 2700 817 2754 tune
847 2693 1010 2771 praecipue
1032 2695 1060 2752 in

105 2767 246 2830 Divinam
269 2775 505 2836 misericordiam
528 2795 613 2855 spem
636 2782 770 2839 nostram
799 2774 949 2854 conjicere
971 2774 1066 2837 d'ebe·'

12 2913 22 2931 ‚
105 2869 175 2912 mus
192 2893 203 2920 ‚-
223 2855 302 2916 sicut
323 2856 489 2917 anchoram
512 2861 628 2920 animae
651 2865 745 2920 tutam
768 2876 803 2918 ae
826 2858 956 2924 firmam,
973 2858 1060 2918 utio-

105 2935 211 3008 quitur
234 2935 396 3013 Apostolus
418 2940 447 2998 in
469 2939 602 3017 Epistola
625 2942 661 3000 ad
685 2938 867 3010 Hebraeos,
891 2939 986 3016 Capil-
1005 2938 1058 3000 Vl·

106 3016 293 3079 Excitandus
315 3025 361 3080 est
382 3019 530 3092 infirmus,
555 3030 589 3084 nt
610 3023 648 3082 ob
663 3039 798 3082 amorem
820 3021 876 3083 Dei
898 3021 998 3081 doleat
1019 3039 1060 3080 ex

104 3097 197 3160 corde
219 3100 257 3159 de
273 3103 354 3161 omni
377 3105 500 3166 offensa:
517 3111 608 3181 atque
631 3105 691 3164 huc
714 3103 786 3165 iacit
806 3103 885 3180 quod
909 3105 987 3164 inter
1003 3102 1060 3162 alia

104 3183 285 3258 praescribit
305 3189 393 3244 vetus
415 3184 535 3248 Rituale
557 3185 712 3247 Ecclesiae
734 3184 983 3250 Catalaunensis‚
1007 3185 1059 3244 ubi

106 3262 254 3324 Sacerdos
274 3265 317 3325 sic
338 3265 492 3328 infirmum
515 3270 700 3346 interrogat:
729 3267 887 3346 Cognoscit
909 3276 937 3326 tt
957 3267 993 3324 io
1006 3267 1058 3326 1²⁰⁰

104 3344 217 3403 mondo
239 3345 333 3406 Deum
358 3357 442 3409 tuom
464 3351 675 3429 multiplieiter
703 3349 881 3431 offendisse,
905 3357 933 3408 ct
955 3346 1059 3408 doleo?

105 3421 161 3484 Cui
178 3427 239 3487 ille:
253 3427 355 3490 Doleo.
369 3429 481 3492 Similia
498 3432 597 3510 legere
609 3440 655 3492 est
672 3433 699 3492 in
715 3432 780 3492 aliis
792 3430 974 3499 111100111υο,
987 3447 1057 3489 cum

106 3505 144 3566 ad
167 3507 317 3586 eJ‘usmodi
340 3513 565 3591 concipiendum
580 3513 717 3574 dolorem
740 3513 778 3572 de
792 3513 923 3591 peccatis
937 3516 1058 3574 tenetur

106 3592 314 3668 unusquisque
337 3593 495 3666 fidelium,
520 3595 572 3674 qui
593 3594 623 3657 in
646 3595 791 3658 11001001
807 3596 976 3673 proximum
992 3609 1062 3672 pcc·

245 3688 301 3740 voi
322 3693 343 3742 i.
907 3692 942 3744 2³
