2567 4042
370 180 374 188 '
468 171 725 243 wimiis.

99 302 208 372 strium
230 303 384 365 recitatae.
408 300 513 364 Plures
534 301 561 360 id
585 319 678 378 genus
705 300 857 360 orationes
884 295 1004 374 scripsit
1025 294 1055 354 S.

100 379 331 461 Hieronymus,
356 402 464 462 nempe
492 384 522 442 in
552 383 635 443 obitu
658 381 790 450 Paulae,
814 379 978 446 Fabiolae,
1002 374 1059 436 Ne·

103 464 237 541 poliani,
260 469 291 524 et
313 465 454 525 aliorum.
472 463 584 539 Quales
604 467 633 524 in
657 463 813 526 funeribus
828 460 985 522 habendae
1002 459 1060 518 sint

100 545 275 611 orationes,
300 547 391 608 edicit
413 549 442 606 in
466 548 482 606 1
506 543 683 606 provinciali
712 545 830 626 Synodo
852 541 882 604 S.
907 539 1056 609 Carolus,

100 627 236 705 ubiagit
257 627 295 688 de
317 627 476 690 funeribus
497 633 528 688 et
543 627 699 705 exequiis3
728 625 853 688 Nemini
882 633 1061 704 quemquam

99 707 135 766 in
158 707 265 782 fusore
286 708 414 769 laudare
438 711 549 780 liceat,
581 711 643 770 uisi
664 721 690 770 ct
708 729 785 771 eum
815 725 902 786 quem
932 701 1060 765 laudare

102 789 191 860 colit,
208 787 374 870 Episcopus
389 791 514 870 dipsium
535 793 702 858 consuerit,
729 801 755 851 ct
770 788 971 852 laudationem
986 784 1059 844 scri·

95 880 183 948 ptom
196 879 267 932 aare
276 875 428 951 probarit.
437 873 584 947 Quamvis
594 891 632 934 ex
644 873 822 934 Pontificelis
834 869 960 930 Romani
978 884 1060 944 pres·

100 953 198 1030 cripto
230 952 433 1015 absolutiones
461 959 618 1032 quatuor,
642 955 690 1016 vel
714 957 846 1032 quinque
868 952 899 1010 in
920 948 1060 1009 omnibus

100 1035 259 1111 exequiis,
283 1054 362 1112 quae
384 1042 452 1113 post
473 1036 589 1096 obitum
605 1039 652 1116 agi
669 1038 782 1108 solent,
806 1033 873 1096 fieri
889 1032 1056 1097 conveniat,

101 1121 218 1177 constat
239 1121 340 1177 tamen
355 1117 471 1180 Romae
493 1119 571 1195 ipsas
593 1121 795 1180 absolutiones
817 1116 949 1193 quinque
971 1113 1000 1171 in
1016 1130 1061 1172 so·

100 1195 158 1258 lius
180 1199 304 1259 Romani
327 1198 479 1260 Pontificis
500 1201 607 1271 funere
623 1201 781 1262 celebrari.
795 1197 936 1259 Pluribus
958 1212 992 1253 ac
1008 1211 1059 1253 va·

101 1279 154 1339 riis
175 1279 283 1341 diebus
304 1281 449 1341 celebrari
476 1281 540 1360 jam
573 1283 647 1342 olim
681 1281 872 1343 consuevisse
905 1273 1059 1335 defuncto·

101 1379 171 1422 rum
185 1363 340 1438 exequias,
356 1364 472 1439 antiqui
487 1362 657 1440 Scriptores
672 1370 806 1424 narrant.
824 1359 976 1437 Septimae
998 1356 1057 1416 diei

100 1445 284 1504 mentionem
306 1444 420 1505 iaciunt
442 1444 619 1505 Ambrosius
640 1453 672 1507 et
685 1444 882 1522 Augustinus.
900 1438 988 1498 Diem
1003 1456 1058 1497 no-

100 1543 173 1586 num
196 1532 346 1587 memorat
368 1525 400 1585 S.
423 1525 552 1587 loannes
573 1526 779 1588 Damascenus
801 1526 830 1583 in
852 1521 998 1583 Sermone
1021 1519 1058 1580 de

101 1605 239 1669 fidelibus
260 1605 431 1677 defunctis,
454 1607 633 1669 Theodorus
655 1608 910 1684 Archiepiscopns
933 1603 1059 1680 Cantua-

102 1689 231 1760 riensis,
255 1695 286 1751 et
319 1687 436 1749 Auctor
460 1689 714 1766 constitutionum
737 1687 1005 1768 Apostolicarum,
1028 1690 1059 1745 et

102 1768 233 1849 aliilix
254 1770 471 1833 recentioribus
493 1773 631 1835 meminit
662 1773 721 1834 diei
754 1786 849 1830 nonae
872 1765 1059 1845 Augustinus

101 1851 258 1913 Patricius.
283 1851 455 1913 Celebratas
477 1871 597 1931 quoque
620 1854 714 1926 luisse
734 1851 953 1914 Defunctorum
977 1865 1059 1908 com-

102 1935 338 1996 memorationes
359 1932 424 1994 aliis
456 1934 564 1996 diebus
595 1953 613 1994 a
642 1935 848 2011 praenotatis,
872 1929 1059 2007 estantiquis

102 2015 241 2078 Patribus
263 2016 455 2077 addiscimus.
480 2015 562 2077 lnter
582 2017 647 2077 dies
669 2035 686 2076 a
709 2016 841 2077 defuncti
873 2011 956 2073 obitu
984 2012 1060 2072 cele·

101 2098 187 2158 brari
200 2097 302 2159 solitos
317 2099 572 2176 quadragenarius
587 2101 679 2160 etism
696 2103 872 2158 recensetur
892 2095 930 2153 ab
946 2092 1059 2154 Aucto·

101 2198 137 2241 re
158 2177 407 2242 Constitutionum
423 2181 666 2258 Apostolicarum
689 2181 755 2240 Lib.
780 2177 853 2238 Vlll
867 2172 940 2252 Cap.
957 2172 1056 2234 XLll.

102 2261 403 2331 Ile'anniversariis,
427 2279 504 2337 quse
525 2263 753 2341 recurrentibus
775 2261 860 2320 annis
881 2258 945 2334 ipso
961 2255 1059 2318 obitus

103 2343 152 2404 die
175 2342 323 2405 celebrari
346 2343 463 2415 solent,
488 2345 646 2404 innumera
679 2361 754 2422 pene
785 2346 888 2403 extant
918 2343 1058 2398 veterum

102 2425 226 2486 Patrum
250 2425 430 2487 testimonia.

142 2505 187 2567 X.
212 2505 425 2585 Deponebatur
447 2512 551 2583 postea
580 2513 717 2569 mortuus
750 2507 780 2566 in
813 2503 974 2565 tumulum.
998 2499 1059 2562 Tu·

103 2587 205 2650 mulus
226 2594 326 2649 autem
350 2585 400 2648 ille
421 2588 512 2664 vulgo
533 2597 601 2651 erat
622 2589 781 2668 lapideus,
805 2591 839 2646 ut
860 2586 988 2662 probent
1008 2599 1059 2642 va·

103 2671 149 2729 ria
171 2687 249 2746 quae
271 2671 372 2730 adhuc
395 2670 529 2745 quotidie
550 2673 581 2730 in
604 2671 734 2748 antiquis
757 2667 953 2731 Coemeteriis
976 2680 1058 2740 repe·

104 2752 222 2813 riuntur
244 2755 451 2812 monumenta.
467 2749 550 2812 Situs
572 2758 673 2828 autem
690 2756 881 2812 mortuorum
896 2749 926 2806 iu
942 2745 1059 2806 tumulo

102 2835 128 2893 is
150 2838 232 2906 erat,
257 2817 411 2912 nt⁸supini
432 2832 673 2909 deponerentur,
698 2831 783 2892 vultu
805 2833 841 2890 ad
858 2829 976 2889 coelum
992 2842 1060 2884 con-

102 2932 211 2984 verso,
235 2915 305 2992 quia
328 2916 391 2976 solo
406 2915 435 2973 in
452 2916 536 2975 caelo
551 2933 620 2994 spes
642 2918 742 2976 nostra
758 2913 880 2974 lundata
894 2914 952 2971 est.
968 2909 1059 2969 Prae·

101 3003 186 3056 terea
208 2997 236 3056 in
258 2996 377 3058 tumulo
397 3014 456 3056 una
479 3013 548 3056 cum
571 2996 741 3062 cadavere,
764 2995 861 3072 inquit
880 2990 1060 3052 Guillelmus

101 3075 261 3139 Durandus
295 3079 324 3137 in
352 3077 443 3136 Libro
475 3079 603 3155 septimo
630 3076 795 3137 Rationalis
816 3075 920 3153 Capite
943 3071 1003 3142 35,
1025 3071 1060 3146 ip

103 3159 280 3238 quibusdam
301 3161 371 3221 locis
381 3160 510 3236 ponitur
525 3178 605 3239 aqua
620 3159 793 3226 benedicta,
817 3167 845 3217 et
856 3171 975 3235 prunae
991 3169 1059 3212 cum

102 3241 212 3301 tbure:
237 3261 319 3322 aqua
347 3239 517 3310 benedicta,
541 3261 579 3300 ue
596 3241 750 3301 doemones
776 3239 829 3317 qui
849 3237 978 3297 muttum
995 3251 1059 3293 com

102 3325 229 3392 timent,
254 3322 295 3384 ad
320 3340 425 3402 corpus
447 3321 599 3382 accedant.
631 3320 730 3382 Soleus
755 3337 883 3398 namque
910 3315 1058 3378 desaisire

101 3408 137 3464 in
166 3423 292 3484 corpora
317 3415 529 3471 mortuorum,
553 3415 588 3463 ut
611 3403 689 3482 quod
705 3404 902 3480 nequiverant
925 3399 959 3458 ia
981 3398 1056 3468 nito,

100 3487 204 3550 saltem
228 3497 294 3567 post
317 3495 443 3546 mortem
465 3495 567 3564 ayant.
589 3482 669 3546 Tbus
691 3501 762 3546 uero
787 3483 829 3543 ibi
847 3483 970 3560 ponitur
989 3484 1060 3560 pro*

96 3583 167 3650 pter
180 3569 323 3647 foetorem
345 3567 477 3646 eorporis
492 3566 715 3629 removendum.
734 3563 867 3644 Depositi
889 3565 920 3622 in
942 3561 1060 3622 tumulo
