2567 4042
620 182 844 257 midsom-

255 314 354 375 viticis
375 312 675 389 Sacerdotalibusque
698 312 936 390 indumentisque
959 313 1051 374 semel
1072 321 1105 375 et
1119 332 1207 393 gene-

257 397 347 456 ratim
369 396 464 457 cultui
485 396 585 457 divino
607 395 741 456 dicendis
756 395 976 457 benedictiones
991 395 1209 474 Eucbologinm

257 478 354 542 nullas
376 478 516 556 assignel3
539 495 593 537 sua
616 484 717 537 tamen
739 480 856 555 quotics
871 476 1019 537 Diaconus
1034 478 1142 546 induit,
1158 477 1208 537 Sa·

258 560 373 621 cerdoli
405 558 606 620 benedicenda
637 560 750 628 offert3
779 558 1137 637 propriaquetSaoerdos
1167 578 1206 621 es

257 648 433 721 stimplurus
461 642 674 702 benedictionis
707 644 841 719 expertia
872 660 1019 718 nusquam
1053 642 1227 718 relinquit.-

257 724 313 784 Est
333 742 404 784 sane
426 724 452 783 is
473 724 551 799 apud
574 722 653 801 ipsos
674 722 807 783 Graecos
828 724 903 785 ritus
925 725 1073 801 antiquus,
1090 724 1212 800 dequo

256 806 287 864 in
310 803 424 865 Ordine
445 804 555 866 Sacrae
577 822 612 865 ae
634 804 759 865 Divinae
780 805 890 867 Missae
914 804 946 865 S.
964 803 1085 867 loannis
1113 806 1209 883 Chry-

256 888 382 947 sostomi
404 888 444 947 its
471 888 551 947 circa
580 887 697 947 initium
720 888 866 963 legimus:
892 887 1021 966 Inprecst
1053 898 1162 954 antem
1177 889 1210 945 in

41 1020 45 1027 .
142 1000 145 1003 ⁴
260 969 441 1029 &cronium
465 967 634 1048 (Diaconos
662 969 777 1030 scilicet
809 976 840 1029 et
866 968 1030 1049 Sacerdos]
1058 972 1207 1051 occipiunt

259 1052 295 1109 in
315 1051 454 1111 monibus
467 1052 529 1111 suis
547 1053 683 1110 tunicam
697 1051 752 1111 sibi
764 1054 935 1131 propriam.
952 1052 1118 1129 Statimque
1135 1053 1207 1111 haec

260 1131 297 1190 de
321 1130 452 1192 Diacono
474 1132 576 1192 subdit
588 1143 602 1190 τ’
620 1130 735 1192 Deinde
758 1134 911 1193 Diaconos
937 1135 1083 1194 inclinato
1116 1135 1211 1211 capito

258 1211 372 1273 accedit
393 1214 433 1275 od
448 1214 661 1283 Sacerdotem,
686 1226 714 1274 ct
735 1232 829 1275 monn
845 1214 956 1283 mbo
969 1226 1071 1276 tenens
1086 1214 1209 1275 Dalma-

258 1298 351 1357 ticum
372 1315 438 1356 cnm
460 1298 536 1357 stolo
557 1295 641 1356 dicit:
663 1294 805 1366 Bcnedt'c‚
821 1295 960 1369 Domine,
983 1295 1129 1359 Tunicam
1146 1312 1208 1357 cnm

255 1379 345 1437 stolo.
667 1392 674 1411 ·
1128 1387 1132 1393 “

297 1459 337 1519 ΙΙ.
361 1459 521 1522 Sciendum
544 1476 620 1519 nunc
654 1458 723 1520 illud
745 1465 812 1530 est,
837 1462 933 1521 teneri
955 1459 1134 1521 Sacerdotes
1156 1459 1209 1521 sub

253 1548 380 1618 peccato
401 1542 523 1604 laethali
544 1542 690 1602 adbibere
711 1543 741 1601 in
763 1540 914 1603 Sacrificio
929 1548 1034 1603 vuestes
1048 1560 1153 1604 sacras
1179 1547 1207 1602 et

253 1624 313 1684 rite
333 1624 515 1692 benedictas,
532 1623 621 1700 idque
642 1641 680 1683 ex
701 1626 852 1685 communi
874 1622 1027 1685 Ecclesiae
1049 1629 1206 1686 consuetu·

256 1705 325 1765 dine
356 1712 388 1766 et
408 1707 545 1767 omnium
566 1705 733 1781 Doctorum
761 1706 918 1768 sententia.
941 1705 975 1765 ln
1007 1708 1145 1768 vestibus
1165 1723 1205 1764 sa·

210 1831 214 1837 .
255 1788 315 1845 eris
342 1796 537 1850 conservatur
568 1786 736 1849 benedictio
769 1789 863 1849 semel
897 1795 1040 1867 accepta,
1064 1788 1205 1867 quamdin
1255 1824 1256 1827 =

169 1939 172 1945 ¹
255 1869 338 1946 ipsae
360 1871 490 1931 retinent
510 1872 649 1932 eamdem
672 1867 819 1940 sormam,
844 1887 898 1931 seu
919 1868 1059 1947 figuram,
1078 1871 1136 1931 sub
1151 1886 1204 1946 qun

254 1956 325 2011 sunt
345 1957 433 2028 aptae
454 1954 491 2014 ad
513 1969 632 2013 sacrum
656 1952 869 2020 ministerium,
882 1958 912 2012 et
934 1953 989 2012 sub
1011 1972 1069 2030 qua
1092 1951 1204 2015 benedi·

256 2038 324 2093 ctae
345 2033 477 2095 luerunt.
493 2031 604 2094 Contra
625 2052 700 2094 vero
716 2034 740 2093 si
763 2034 804 2095 ita
826 2034 1036 2104 dissolvantur,
1061 2037 1112 2097 vel
1135 2034 1205 2094 scin·

256 2114 390 2183 dantur,
413 2123 446 2177 nt
467 2134 535 2179 eam
557 2114 689 2175 sormam
709 2121 846 2186 mutent,
870 2117 910 2177 ita
941 2123 975 2177 ut
1005 2134 1093 2177 sacro
1124 2116 1204 2176 mini·

256 2198 347 2258 sterio
380 2199 427 2258 cui
459 2205 528 2260 sunt
554 2196 720 2259 destinatae
749 2197 912 2257 reddantur
943 2200 1080 2275 ineptae,
1105 2194 1205 2277 deper-

256 2279 331 2339 dunt
351 2287 383 2341 et
403 2281 544 2341 amittunt
574 2278 835 2345 benedictionem,
860 2284 895 2338 nt
916 2281 1065 2359 colligitur
1094 2298 1133 2340 ex
1154 2278 1204 2339 Ca·

255 2362 318 2437 pite
347 2362 385 2422 de
420 2361 650 2423 consecratione
682 2358 842 2439 Ecclesiae.
869 2360 984 2422 Dicitur
1012 2378 1086 2422 vero
1112 2363 1203 2424 formu

257 2445 393 2513 mutari,
422 2462 516 2520 quum
546 2449 624 2503 tanta
647 2460 717 2520 pars
744 2448 844 2502 amota
873 2448 941 2512 est,
970 2447 1004 2503 ut
1034 2460 1092 2503 non
1123 2446 1203 2505 liceat
1253 2490 1254 2531 ἦ

255 2524 321 2590 sine,
342 2524 390 2584 illa
411 2526 586 2595 celebrare,
609 2542 719 2602 nempe
741 2524 765 2583 si
787 2524 954 2591 medietas,
978 2526 1026 2587 vel
1058 2533 1120 2589 tola
1141 2542 1203 2603 Ama·

256 2605 321 2665 nice
344 2606 450 2667 Albae.
473 2606 680 2667 Sacerdotales
710 2610 813 2667 vestes
837 2606 1006 2667 benedictas
1038 2624 1095 2670 non
1125 2622 1202 2687 posse

256 2687 288 2745 in
309 2705 381 2747 usus
401 2689 544 2766 profanos
558 2690 711 2755 converti,
729 2689 791 2755 sed,
808 2688 833 2748 si
848 2693 995 2751 velustate
1015 2698 1204 2769 consumptus

257 2768 338 2836 sint,
362 2771 499 2831 comburi
521 2771 656 2837 debere,
680 2774 712 2831 et
732 2771 847 2829 cineres
868 2770 897 2829 ln
920 2772 986 2832 loco
1001 2784 1099 2832 sacro
1126 2787 1202 2849 sepe·
1252 2830 1253 2839 ξ

258 2850 327 2917 liri,
351 2852 459 2912 docent
481 2854 589 2930 passim
602 2844 743 2911 Canonici
758 2850 841 2911 luris
852 2851 1004 2921 Consulti,
1021 2855 1205 2931 allegantque

259 2932 409 3005 celebrem
429 2936 513 2995 illam
536 2933 617 2995 luris
639 2934 779 2995 Canonici
801 2935 953 3013 regulnms
966 2935 1060 2996 Semel
1072 2936 1144 3006 ,Βοο
1163 2933 1204 2993 di·
1252 2896 1253 2990 l

256 3025 369 3086 cotom,
381 3034 442 3075 non
457 3027 498 3077 cst
514 3016 555 3075 ad
568 3034 639 3076 cons
655 3016 804 3074 bemanus
814 3018 940 3076 ulterius
952 3016 1201 3095 transferendum.

298 3096 354 3158 Ill.
379 3100 527 3175 Mappae,
549 3098 598 3157 rel
621 3096 830 3163 Linteamina,
854 3114 931 3173 quae
952 3099 1043 3159 etiem
1071 3100 1137 3160 aliis
1156 3114 1203 3157 no·

143 3214 145 3217 -
256 3179 387 3241 minibus
408 3182 510 3249 linteo,
532 3180 697 3250 velamina,
706 3180 816 3256 pollac,
829 3179 971 3240 montilla
985 3181 1014 3240 in
1030 3178 1203 3258 pervetustis

258 3260 357 3322 Libris
378 3262 520 3340 appellari
542 3258 662 3329 solent,
691 3265 863 3337 tegumenta
884 3261 996 3323 Altaris
1027 3268 1122 3331 sunt,
1143 3275 1200 3338 spe·
1251 3284 1252 3324 r

257 3347 401 3419 etantque
422 3343 459 3403 nd
481 3361 596 3404 sacram
619 3340 858 3421 suppellectilem
879 3359 933 3421 pro
949 3342 1058 3407 Missae
1079 3343 1199 3407 celebre·

260 3424 340 3483 tione
363 3428 574 3485 necessariam.
597 3422 782 3503 Hujusmodi
804 3425 1010 3487 linteaminum
1021 3466 1033 3499 ,¹
1051 3442 1105 3487 seu
1127 3440 1199 3500 map

260 3521 369 3579 parum
390 3522 477 3572 usus,
492 3507 600 3582 quibus
620 3505 724 3567 Altare
740 3506 894 3574 sternitur,
917 3508 996 3583 apud
1011 3509 1147 3585 antiquos
1160 3520 1199 3565 ro·

261 3584 452 3664 ceptissimus
473 3586 540 3648 init.
561 3586 692 3667 Optatus
706 3586 899 3649 Milevitanus
922 3586 1013 3652 Libro
1037 3588 1078 3651 vl
1107 3592 1198 3649 contre
