2567 4042
573 205 718 278 muas
739 215 800 278 aar·
835 244 838 262 .

212 342 305 396 totam
335 335 632 413 Quadragesimam‚
664 338 713 397 sed
748 343 863 396 tantam
894 335 1048 396 [lominica
1077 335 1186 394 tiebat-

211 419 463 478 commemoratio
479 434 584 477 eorum
601 436 678 494 quae
694 419 860 478 inciderant
889 419 918 477 in
935 416 1166 479 hebdomadam.

211 497 352 559 Monachi
376 499 404 558 in
420 498 584 560 Occidente
608 506 761 562 mutarunt
782 501 862 560 hunc
878 517 990 567 usum,
1023 501 1169 576 pluraque

211 579 299 641 Festa
322 583 501 643 invexerunt
523 583 614 640 etiam
638 584 667 641 in
682 579 952 660 Quadragesimam
969 588 1031 642 tum
1045 578 1165 659 jejunii,

212 670 276 726 tum
299 664 409 723 laboris
439 662 558 722 laxandi
581 679 681 733 causa,
699 669 731 724 ut
753 661 866 724 diebus·
881 660 977 724 Fastis
998 663 1167 739 oportebat.

210 744 254 805 lle
274 741 372 805 Fastis
396 744 682 823 inQaadragesima
706 746 818 806 mentio
841 742 975 821 tit'apud
992 743 1022 804 S.
1038 743 1168 803 Daustass

212 845 294 886 narn.
315 825 521 886 Lanirancbus
543 827 655 886 insitis
679 829 799 890 statutis
820 824 894 902 Cap.
918 825 931 884 l
953 825 1035 886 Soet.
1056 823 1101 883 23
1123 843 1171 884 as·

209 909 294 974 serit,
319 909 443 983 quodsi
467 909 514 968 die
537 909 673 968 cinerum
697 915 841 968 occurrat
862 902 984 968 Festum
1007 907 1169 966 duodecim

213 990 391 1055 lectionum,
417 992 445 1048 in
467 990 547 1047 diem
570 991 736 1049 crastinum
759 990 947 1050 tracteretur.

591 1149 719 1240 aanor
741 1138 788 1211 n?

313 1393 315 1397 Ι
405 1333 447 1374 uu
469 1310 603 1375 suranus
625 1297 980 1386 Quaauon'rsareorrurr.

238 1479 277 1538 ³l.
302 1478 439 1552 Quatuor
461 1485 631 1557 temporum
653 1477 764 1556 jejunia
790 1477 873 1537 initio
895 1476 1171 1552 Quadragesimae‚

152 1588 154 1591 ·
213 1568 280 1634 post
301 1559 518 1626 Pentecosten,
542 1575 578 1618 ac
611 1559 762 1621 mensibus
791 1558 960 1635 Septembri
977 1563 1020 1622 ,et
1043 1555 1186 1620 Decem-2

213 1642 283 1708 bri,
307 1648 411 1718 quarta
439 1657 473 1700 aa
496 1641 676 1709 sextaleria
698 1648 729 1702 et
751 1639 880 1703 Sabbata
909 1639 1065 1715 quotannis
1091 1638 1173 1698 cele·
1249 1703 1250 1706 Ἴ

214 1724 350 1784 brantur.
375 1724 484 1784 Sancto
501 1721 622 1782 Callisto
646 1718 796 1792 pontiden
821 1721 872 1798 qai
894 1721 978 1780 initio
1001 1719 1081 1780 tertii
1105 1737 1175 1778 sae⁶

213 1805 273 1864 culi
296 1804 433 1884 martyrii
456 1804 588 1880 palmam
611 1805 657 1867 e'st
672 1811 838 1866 assecutus.
856 1801 1031 1880 hujusmodi
1053 1801 1174 1860 institu-

214 1887 254 1946 tio
270 1887 421 1955 tribuitur,
440 1887 487 1945 vel
502 1885 622 1955 saltem,
638 1905 707 1948 cum
722 1884 867 1962 jejunium
884 1887 975 1944 teria
992 1899 1069 1942 anno
1085 1881 1173 1941 fieret

213 1968 309 2028 reteri
331 1968 556 2034 consuetudine,
580 1974 721 2044 quartum
744 1969 807 2043 ipse
831 1967 959 2044 traditur
981 1963 1168 2041 adjunxisse.

211 2050 244 2108 ln
266 2049 430 2110 Pontificali
451 2048 552 2119 Libro,
578 2049 665 2127 cujus
679 2049 795 2114 Auctor
811 2049 984 2108 Anastasius
1006 2043 1174 2106 bibiturae-³

211 2134 322 2202 carlus,
336 2149 406 2193 cum
429 2129 466 2191 de
489 2132 583 2192 rebus
603 2133 694 2207 gestis
709 2129 740 2190 S.
756 2127 869 2189 Callisti
885 2131 995 2206 agitur,
1009 2129 1083 2188 baec
1105 2145 1173 2190 mor

212 2221 379 2274 morantur:
400 2212 562 2274 Constituit
576 2209 736 2293 Jejuuium
758 2221 863 2289 quator
876 2211 910 2268 in
925 2230 1003 2270 auno
1018 2209 1126 2290 fieris
1165 2241 1175 2252 -

211 2297 313 2364 menti,
336 2295 411 2358 rs'ni.
436 2302 461 2352 et
482 2293 544 2352 olci—
558 2296 663 2369 pretio
682 2292 846 2353 secuudum
860 2294 1066 2371 propheticus.
1084 2291 1175 2351 Hane

211 2395 302 2453 porro
325 2376 542 2439 institutionem
557 2373 679 2435 Callisto
703 2375 826 2434 minime
841 2374 1033 2433 tribuendam
1049 2377 1176 2432 conten»

211 2458 255 2517 dit
275 2455 381 2517 Petrus
401 2454 567 2524 Coustant,
591 2458 643 2531 qui
666 2457 869 2515 Romanorum
893 2453 1073 2514 Pontificum
1095 2451 1171 2536 Epi-

161 2550 165 2560 '
212 2538 302 2599 stolas
324 2535 444 2614 collegit
458 2553 523 2606 ‚ac
546 2535 765 2596 Parisiisanno
788 2535 865 2595 1721
890 2537 969 2614 typis
993 2535 1173 2596 mandavit:

216 2619 350 2685 Callisto,
374 2619 479 2696 inquit,
503 2618 639 2688 Isidorus
658 2616 810 2696 Mercator
833 2615 908 2676 duas
929 2621 1082 2696 supposuit
1098 2615 1176 2694 Epi-

212 2701 300 2760 s'tolus
316 2743 324 2767 ,
341 2701 491 2777 specuino'
505 2703 633 2780 percuti
640 2698 818 2778 'aliquanda
842 2713 910 2758 osam
933 2699 1062 2777 reliquis.
1077 2699 1176 2778 ipsius

211 2781 339 2860 foetibus
352 2781 530 2842 reddendos.
550 2780 596 2841 Ab
611 2781 784 2856 Apostolica
808 2780 966 2842 traditione
981 2781 1107 2841 initium
1123 2797 1177 2840 su-

136 2892 138 2895 ·
214 2878 299 2924 mere
326 2860 385 2938 boc
406 2861 557 2943 jejunium
581 2864 677 2925 ¹trudit
698 2863 847 2936 Baronius·
873 2862 911 2921 ad
929 2881 994 2922 aa.
1019 2861 1058 2922 aa
1082 2879 1171 2922 num.

211 2943 273 3005 aba
296 2943 365 3024 Ipsa
388 2944 532 3023 puidam,
556 2945 673 3023 inquitp
694 2955 823 3022 quatuor
842 2944 919 3003 uani
941 2955 1105 3023 temporum
1123 2945 1176 3023 jc-

209 3027 325 3108 jssuia‚
349 3044 425 3104 quae
447 3027 481 3086 irs
501 3024 637 3103 Ecclcuu
658 3028 776 3088 seruari
796 3028 914 3091 solent,
937 3043 978 3083 ero
1000 3023 1175 3104 Apostoliru

173 3145 175 3147 ·
212 3109 401 3170 institutione
417 3108 576 3185 'sumpsisse
590 3109 778 3186 principium
790 3102 829 3165 Β.
843 3103 897 3164 Leo
913 3107 1021 3184 ubsque
1036 3109 1100 3166 ulto
1112 3105 1175 3164 'du-
1225 3136 1230 3144 ·

213 3189 353 3251 bitatione
377 3189 544 3268 confirmat.
567 3189 615 3267 ΙίιΙΙ
630 3189 706 3248 banc
735 3189 912 3264 opinionem
929 3188 1049 3266 sor-ipsit
1070 3188 1174 3248 etiam

213 3271 438 3331 'thomassinus
456 3269 532 3330 Cum
546 3270 655 3330 deinde
671 3269 770 3350 aliqua
785 3287 821 3329 ex
839 3274 923 3346 parte
941 3276 1027 3330 vetus
1041 3269 1175 3344 discipli-

213 3371 251 3412 na
274 3355 430 3413 immutata
453 3359 544 3419 esset,
561 3356 593 3412 et
607 3352 766 3427 nonnullae
783 3349 935 3412 Ecclesiae
951 3369 1077 3412 vernum
1090 3349 1175 3430 ,jeju-

214 3438 296 3496 nium
319 3451 421 3494 mense
438 3435 718 3506 Martioraestirnm
738 3451 813 3492 reru
835 3435 865 3492 in
888 3431 1075 3494 bebdomada
1092 3445 1172 3510 quae

208 3522 281 3592 post
294 3515 418 3576 Festum
430 3513 621 3575 Pentecostes
636 3515 783 3590 sequitur,
796 3515 926 3590 quodam
941 3515 1065 3597 proprio
1085 3532 1173 3576 moro

214 3597 411 3666 celebrarent,
435 3595 570 3671 Sanctus
585 3596 750 3673 Gregorius
764 3594 1092 3674 Vll'Qaadragesimae
1111 3598 1177 3654 ini-
