2567 4042
434 203 496 267 ep
518 194 580 255 ico·
596 148 657 264 aa

91 323 311 386 Parmenianum
340 326 416 387 baec
449 322 590 402 scripsit:
619 323 697 399 Quis
727 322 859 405 fidelia-m
891 328 1036 387 nescitis

87 406 257 485 perpendis
276 406 434 486 Myrtalis
449 407 516 485 ipsc
526 407 642 484 lipsa,
667 407 803 486 (Altaria
819 408 942 472 scilicet.
959 422 1036 483 quae

90 489 118 547 in
137 488 232 548 Africa
258 496 346 549 erant
377 486 495 568 lignea)
518 488 695 549 linteamine
715 489 848 569 operiri?
868 486 908 547 Et
929 488 1034 551 Victor

90 568 210 631 vitensis
231 569 270 629 de
292 569 505 632 Persecutione
523 570 687 631 vandalica
702 570 767 634 Lib.
794 572 809 629 1
834 580 945 640 narrat,
962 570 1035 631 Pro·

65 654 182 713 ·colmn
202 652 365 728 quemdam
391 652 429 713 ab
450 652 545 730 impio
566 652 730 715 Genserico
759 652 903 718 adversus
925 652 1036 715 Cathoe

87 735 153 794 lices
173 736 298 795 missum
319 737 488 807 vastitatem
503 734 595 795 rebus
609 730 715 796 eorum
731 735 870 795 omnibus
885 734 1031 803 attulisse,

88 821 116 875 et
135 834 151 875 e
172 816 268 877 linteis
289 816 401 876 ditaris
428 817 585 877 subuculas
606 824 638 878 et
658 818 819 895 femoralia
850 815 906 875 sibi
937 818 1035 893 ponie-

88 898 168 958 eisse.
191 896 280 958 Certe
300 916 376 958 sero
396 898 586 959 simillimum
607 904 654 961 est
667 940 682 966 ,.
699 899 776 976 quod
809 898 866 957 viri
898 899 1034 976 plerique

88 980 161 1040 docti
181 973 510 1058 traduat,'Apostolos
531 997 586 1057 pro
607 999 660 1041 sua
682 983 712 1041 in
737 983 899 1058 pretiosum
922 978 1033 1041 Christi

85 1060 195 1141 Corpus
217 1066 250 1122 et
269 1062 450 1141 Sanguinem
473 1064 665 1133 reverantia,
690 1082 747 1123 non
774 1065 802 1123 in
828 1062 907 1122 nudo
923 1062 1031 1132 Alteri,

85 1144 133 1205 sed
154 1145 232 1221 quod
256 1144 429 1207 linteamine
456 1151 634 1221 coopertum
657 1153 759 1214 esset,
784 1144 892 1205 Missae
915 1142 1035 1205 Sacrifi-

84 1227 160 1284 cium
181 1228 343 1303 peregisse.
368 1225 507 1290 Pluribus
527 1227 645 1305 ldappis
677 1227 868 1287 consuevisse
890 1227 939 1287 vel
961 1226 1033 1287 olim

83 1308 224 1383 cooperiri
246 1309 375 1376 ditare,
403 1315 576 1387 supponunt
596 1308 686 1371 Liber
712 1308 976 1371 Sacramentorum
998 1310 1030 1371 S.

84 1388 215 1466 Gregorii
236 1386 355 1465 Papae,
379 1396 465 1450 setus
486 1386 570 1449 Ordo
588 1390 759 1461 Romanus,
784 1398 816 1452 ei
836 1389 1033 1467 antiquissimi

83 1469 161 1529 libri
182 1468 371 1531 Pontificales
402 1477 493 1549 atque
515 1470 676 1542 Mecales,
705 1472 735 1531 in
768 1473 877 1547 quibus
908 1472 957 1533 hic
984 1471 1034 1531 Ti-

83 1552 156 1613 tulus
178 1553 286 1630 plurali
307 1570 434 1613 numero
461 1552 592 1629 legiturt
615 1554 659 1613 De
681 1552 894 1615 Bmsdictionc
913 1551 1034 1616 Ia‘nua»

82 1636 215 1706 ninom
237 1636 317 1712 quod
338 1635 425 1710 plura
457 1635 574 1697 scilicet
594 1632 785 1697 linteamina
817 1652 908 1713 super
930 1636 1033 1699 ditare

82 1719 295 1777 sternerentur.
318 1714 374 1777 llis
397 1717 585 1796 temporibus
599 1722 662 1778 tres
676 1717 827 1794 Mappae‚
845 1734 899 1778 scu
914 1716 1034 1779 Lintea-

82 1796 164 1856 mina·
172 1798 389 1875 requiruntur,
414 1804 448 1859 ui
469 1799 630 1862 deducitur
645 1817 682 1859 cx
697 1796 830 1871 Canens,
856 1799 889 1861 Si
906 1817 963 1879 per
983 1818 1034 1861 nc·

82 1877 260 1956 picentium,
284 1879 566 1941 de-Consccrotioae
588 1880 667 1940 Diri.
686 1880 718 1941 4.
738 1878 843 1945 Vestes
865 1888 965 1942 autem
982 1880 1034 1941 Al-

82 1962 149 2020 laris
171 1961 340 2038 significant
359 1963 487 2039 gloriam
510 1962 691 2023 Sanctorum
707 2006 716 2031 ,
735 1980 863 2039 quorum
879 1962 1033 2037 Reliquiae

82 2040 187 2120 ibidem
210 2051 289 2111 sunt,
313 2044 355 2103 ita
377 2043 548 2106 Amalarius
568 2042 636 2103 Lib.
658 2045 673 2103 1
697 2044 770 2122 Cap.
796 2044 845 2105 ts.
870 2042 908 2105 Ut
922 2043 1037 2107 ditaris

81 2120 211 2203 ldappae
228 2125 356 2188 mundae
377 2126 415 2185 ab
437 2128 522 2189 omni
543 2125 691 2204 pulvere,
715 2143 805 2197 cera,
829 2126 927 2187 aliave
947 2125 1034 2188 sorde

82 2212 316 2275 enumerentur,
340 2206 431 2267 linitis
462 2209 586 2275 Missis,
612 2214 811 2287 contegantur
841 2208 901 2269 tela
932 2208 1032 2267 viridi.

82 2284 163 2359 Quod
184 2288 431 2369 Benedictionem
453 2295 568 2367 spectet
582 2286 761 2368 Mapparum
778 2290 901 2360 Alianis,
914 2304 1035 2353 consue·

81 2371 154 2429 visse
182 2375 215 2430 et
241 2370 307 2430 illas
326 2390 385 2431 una
417 2390 489 2434 cnm
521 2371 588 2430 aliis
610 2368 760 2433 Ecclesiae
793 2371 979 2433 ornamentis
995 2372 1033 2431 ab

82 2446 227 2527 Episcopo
260 2452 419 2522 benedici,
443 2454 494 2515 ubi
517 2451 683 2513 Ecclesiam
706 2452 888 2522 dedicabat,
918 2460 1035 2514 constat

83 2532 164 2605 plane
186 2549 226 2592 ex
248 2532 338 2594 Libro
360 2534 626 2606 Sacramentomm
649 2533 680 2593 S.
703 2534 840 2613 Gregorii
862 2535 980 2614 Papae,
1001 2540 1035 2595 et

83 2615 291 2691 antiquissimis
321 2616 419 2676 libris
440 2615 676 2677 Pontificalibus.
700 2616 804 2678 Oratio
827 2615 953 2678 liccam
974 2615 1035 2677 lta

35 2728 39 2735 -
83 2698 155 2755 mica
179 2713 259 2771 quae
280 2698 440 2759 adhibetur
468 2716 523 2775 pro
544 2697 754 2760 Benedictione
775 2700 1035 2777 Mapparum,.es÷

83 2781 119 2835 tat
139 2780 169 2837 in
193 2776 307 2838 Ordine
327 2781 457 2857 antiquo.
469 2779 617 2846 Romano,
635 2780 686 2839 ubi
711 2783 734 2839 is
756 2778 906 2857 praefixus
928 2788 974 2843 est
987 2780 1032 2841 Ti·

83 2858 178 2920 tulus:
208 2857 383 2923 Benedictio
404 2860 629 2922 linteaminum
641 2904 651 2931 ,
673 2864 860 2941 aliorumque
885 2863 920 2923 in
944 2879 1031 2923 usum

83 2944 156 3003 socri
190 2938 369 3004 Mnistcrii.
400 2942 503 3005 Altera
534 2944 632 3011 oratio
654 2962 731 3020 quae
752 2944 876 3023 incipit:
904 2944 1031 3007 Damius

83 3020 156 3083 Desa
184 3020 398 3102 Omnipotens,
423 3028 476 3104 poi
497 3033 696 3094 ornamento,
712 3038 739 3086 et
752 3023 947 3087 Hotccminc
967 3029 1029 3085 ato.

83 3101 188 3180 legitur
209 3106 239 3163 in
270 3108 442 3181 persearsto
463 3106 573 3168 (letarii
594 3103 693 3184 Papae
714 3106 975 3177 sacramentario,
996 3110 1030 3167 et

85 3184 110 3241 in
123 3188 252 3261 antiquo
267 3185 405 3249 Romano
416 3188 540 3251 Ordine.
558 3186 597 3248 Et
612 3188 681 3248 binc
696 3184 753 3260 est,
771 3189 851 3266 quod
873 3188 924 3263 qui
939 3189 1033 3249 scien·

86 3269 388 3331 tarcelebratextra
410 3273 511 3332 casum
534 3269 719 3333 necessitatis
742 3288 832 3349 super
848 3270 952 3331 Alta-re
966 3287 1032 3335 coo

85 3355 197 3419 petuam
219 3368 289 3413 cum
310 3350 429 3431 Mappis
449 3370 506 3412 non
528 3352 712 3421 benedictis,
736 3370 793 3412 non
815 3358 862 3414 esi
888 3352 1030 3415 immunis

82 3433 216 3507 sculpe,
239 3439 275 3493 nt
294 3432 457 3495 advertunt
476 3433 636 3502 Garunnae,
661 3452 723 3511 par.
743 3433 759 3493 1
783 3435 828 3495 tit.
845 3432 897 3506 aa
921 3440 952 3497 et
972 3430 1033 3497 lor·

86 3508 195 3585 danus,
218 3514 254 3579 T.
279 3517 296 3575 1
320 3514 386 3574 Lib.
398 3514 454 3586 lv3
472 3518 542 3593 quia
563 3516 693 3576 llubrica
715 3520 760 3576 est
782 3517 972 3594 praeceptiva
999 3521 1031 3577 ct

86 3590 278 3671 imperativa,
302 3601 338 3658 ut
358 3594 440 3659 clare
460 3602 545 3676 patei
561 3616 599 3659 ex
620 3596 721 3659 serbis
748 3596 778 3657 in
800 3596 1030 3676 Praeparations
