2567 4042
429 191 651 267 *02⁶5*

83 322 134 385 cile
148 327 260 397 credet,
272 323 466 388 Sacerdotem
487 324 519 384 in
533 321 748 385 Monasleriurn
769 323 936 391 detrusum,
948 336 1014 384 essa

82 410 156 466 extra
178 407 279 469 lorum
300 407 567 479 Ecclesiastianrn,
590 405 688 466 laicali
707 403 904 482 jurisdictioni
926 405 1014 465 obuo-

82 488 164 548 xium.
187 491 229 550 ut
255 507 311 567 par
329 507 437 552 veram
462 488 704 566 degradationem
725 484 859 549 Clericus
886 503 944 546 non
967 501 1015 547 so-

82 569 135 629 lum
154 576 276 634 arcetur
298 572 328 631 in
349 577 528 650 perpetuum
552 571 589 631 ab
603 570 684 630 omni
700 567 907 630 Ecclesiastico
929 568 1015 629 mini·

80 651 159 713 steria
178 693 187 723 ,
209 655 351 733 omnique
372 655 507 731 privatur
522 650 730 714 Ecclesiastico
750 650 848 712 officio
870 655 901 711 et
921 647 1015 712 Beue·

81 730 150 804 ficio,
165 753 273 797 verum
295 736 385 798 etiam
407 736 528 798 exuitur
542 732 698 814 privilegio
723 731 793 793 Fori
814 739 845 794 ct
858 729 1015 811 subjicitur

81 819 208 892 potestati
229 808 369 890 seculari,
393 837 412 880 a
432 833 492 896 qua
513 820 580 895 post
599 815 843 894 degradationem
863 812 1012 892 judicari,

81 897 106 956 in
125 913 260 960 carceres
279 900 424 970 detrudi,
448 901 611 960 secundum
640 899 720 976 leges
742 898 844 958 civilcs
867 897 965 974 puniri
987 901 1017 957 at

83 980 262 1042 condemnari
285 988 392 1061 potest,
415 981 540 1060 perinde
561 1000 595 1042 ac
617 981 642 1040 si
665 986 743 1044 esset
764 980 867 1041 laicus.

115 1059 165 1123 lll.
189 1061 223 1122 ln
246 1063 385 1125 omnibus
406 1063 495 1124 editis
509 1062 608 1124 Libris
622 1059 845 1124 Pontificalibus
866 1066 934 1120 ante
948 1057 1014 1121 Clo·

81 1150 201 1204 menum
216 1144 299 1214 vill,
322 1145 373 1207 ubi
388 1145 552 1224 Episcopus
573 1143 764 1224 privilegium
779 1141 932 1207 clericale,
950 1142 1015 1203 siae

82 1222 147 1284 alios
168 1226 323 1290 interiores
343 1226 471 1290 Ordines
492 1224 607 1289 Clerico
629 1227 758 1290 restituit
775 1267 783 1295 ,
799 1242 871 1285 non
892 1221 1013 1300 quidem

81 1302 178 1374 illium,
202 1311 255 1370 sed
277 1309 402 1372 fratrem
423 1296 587 1387 ndncupat.
610 1307 726 1370 Rursus
748 1308 777 1366 in
798 1305 901 1365 multis
922 1304 1014 1364 ctiam
1069 1315 1072 1324 ’

83 1384 293 1454 Pontificalibus
308 1402 404 1455 ‘manu
427 1392 568 1459 exaratis,
585 1407 642 1451 non
664 1391 736 1450 dicit
750 1387 877 1472 'tp'uidem
892 1383 1014 1464 Episco-

83 1487 143 1546 pus:
155 1470 291 1535 Rcrtituo
312 1474 368 1534 tibi
381 1473 573 1553 prioilrpium
591 1472 748 1538 Cleriocln,
772 1478 800 1529 et
814 1469 1016 1530 onerationem

86 1546 209 1624 Ordinis,
228 1565 255 1615 et
271 1554 394 1618 Gradus
413 1555 585 1617 ortinrictor
598 1559 657 1615 etc.
682 1553 745 1624 sed,
760 1551 882 1612 restituo
905 1557 932 1609 ts
947 1561 1016 1608 tace·

82 1634 182 1697 cationi
202 1637 325 1709 ordinis,
350 1647 377 1698 rt
397 1636 509 1716 produt
530 1637 659 1706 ostiarii,
684 1636 728 1696 uti
749 1633 878 1694 babetur
899 1631 929 1692 in
950 1647 1015 1690 ma-

83 1718 220 1796 nuscripto
242 1718 388 1780 Vaticano
410 1717 542 1780 Durandi
564 1715 755 1788 Pontificali;
782 1715 867 1787 sive,
890 1713 1016 1774 restituo

84 1805 107 1855 tr
124 1801 272 1862 comannis
292 1802 404 1880 frater,
421 1803 456 1862 in
475 1798 618 1862 Ordinem
633 1799 745 1878 prodor
765 1795 899 1858 Osticrii.
919 1793 1017 1873 Depo-

81 1879 121 1939 siti
140 1899 223 1959 arpo,
240 1885 292 1961 qui
314 1884 533 1945 restitutionem
553 1881 701 1960 privilegii
716 1878 868 1942 Clericalis
894 1881 925 1938 ct
945 1891 1015 1938 exa·
1060 1907 1061 1914 ,

82 1963 196 2026 culiouis
211 1982 368 2026 sacrorum
382 1965 529 2026 Ordinum
544 1964 695 2040 petierint,
712 1959 846 2022 vestibus
867 1959 929 2020 suis
945 1957 1028 2031 cob-¹

82 2045 164 2106 suatis
185 2047 281 2108 induti
302 2047 412 2110 debent
433 2064 529 2126 genua
543 2044 666 2106 ilectere
688 2061 789 2104 coram
805 2039 951 2118 Episcopo
964 2056 1015 2117 pa·

82 2129 138 2185 rato
152 2126 286 2200 Amietu,
303 2128 396 2199 Stola,
412 2129 538 2191 Pluviali
560 2127 690 2204 tempori
712 2121 967 2189 convenientibus,
985 2125 1016 2182 et

81 2203 160 2269 blitra
181 2210 321 2289 simplici,
343 2211 489 2272 Baculunr
512 2209 692 2288 pastoralem
715 2209 745 2268 in
766 2223 857 2267 manu
879 2206 1009 2272 tenente,

83 2292 107 2347 et
125 2290 153 2349 in
166 2290 341 2354 Faldistorio
362 2299 431 2354 ante
447 2292 578 2352 medium
593 2291 705 2352 ditaris
727 2289 857 2351 sedente.
876 2283 931 2346 Ubi
946 2301 1017 2344 exe-

83 2371 152 2431 cutio
172 2373 409 2436 Subdiacnnatus
422 2373 544 2434 Ordinis
566 2371 744 2440 restituitur,
761 2373 791 2430 in
813 2367 1015 2442 manuscripto

82 2446 218 2517 Vaticano
232 2457 365 2519 Durandi
381 2457 495 2523 codice,
508 2459 575 2533 post
589 2456 728 2516 recitatas
743 2469 847 2532 preces
863 2451 938 2510 banc
952 2447 1017 2524 qui-

83 2530 141 2593 dam
160 2539 324 2600 verborum
345 2536 505 2600 formulam
525 2535 692 2615 Episcopus
713 2535 899 2615 pronunciat,
924 2545 1016 2590 manu

83 2612 192 2679 iuterim
215 2638 270 2681 sna
292 2637 383 2698 super
402 2619 580 2710 subdiaconi
601 2624 692 2710 capul
718 2617 882 2694 imposita:
904 2610 945 2692 lp
965 2629 1018 2670 no·

83 2699 150 2757 nino
173 2701 304 2762 Domini.
329 2701 433 2764 Amen.
458 2699 520 2779 Epo
546 2702 615 2760 licet
637 2710 794 2782 peccator,
824 2706 922 2757 tomen
944 2689 1018 2770 Epi·

83 2793 184 2856 tcopae,
207 2786 332 2845 restituo
346 2785 401 2845 tibi
415 2782 617 2843 metationem
631 2781 756 2860 produc,
774 2791 800 2841 nt
814 2777 930 2839 ordinis
944 2773 1018 2835 Sob-

84 2856 262 2933 diaconatus,
286 2884 346 2945 quo
365 2866 468 2944 pueros
484 2864 783 2945 intermicabant
805 2858 908 2920 amodo
930 2855 1017 2934 dipne

81 2945 164 3014 possis
184 2947 277 3026 lepore
293 2944 477 3025 Propositus,
501 2956 528 3006 ct
542 2943 692 3024 Epistulae
713 2942 753 3004 ud
774 2941 893 3010 Mirans,
917 2947 944 2999 ct
966 2936 1019 2994 mi·

85 3021 204 3087 nistrare
225 3029 374 3097 Dincono,
397 3046 432 3088 cc
446 3025 619 3106 Presbytero
640 3027 686 3088 nel
707 3024 864 3108 Episcopo.
888 3019 1020 3114 Consua·

88 3114 184 3168 lemnt
198 3110 358 3187 aliquando
372 3108 510 3197 Epipcopi
532 3111 563 3168 in
577 3108 734 3186 singularis
755 3125 828 3168 suae
844 3100 1019 3166 humilitatis

88 3181 229 3262 indicium,
247 3192 411 3269 peccatoris
434 3192 553 3252 nomine
574 3209 608 3253 se
629 3189 832 3257 subscribere,
851 3187 894 3248 uti
916 3181 1019 3245 videta

88 3273 128 3328 ast
140 3270 168 3330 in
182 3269 316 3336 Concilio
329 3273 495 3337 Turonensi
516 3272 556 3343 ll,
573 3273 603 3332 in
624 3289 685 3349 quo
706 3270 890 3348 subscriptus
911 3265 1019 3344 legitur

87 3341 288 3417 Prartra‘totue
310 3358 364 3418 etsi
380 3365 518 3438 peccator
538 3357 573 3414 in
590 3353 703 3419 Christi
723 3352 842 3412 nomine
858 3347 1019 3430 Episcopus

89 3423 326 3517 Rbotorncpensis.
