2567 4042
490 157 716 232 mattas·

121 292 160 352 sti
184 291 295 350 amoris
317 289 411 350 veluti
435 289 510 350 node
533 307 567 348 ac
583 289 701 349 vinculo
722 289 892 351 futurorum
915 289 1080 369 conjugum

123 371 220 445 corda·
239 373 361 432 irretiri.
394 372 494 432 llledio
523 375 623 432 autem
647 389 722 432 aevo
751 371 860 448 passim
890 374 1019 432 annulus
1049 373 1079 432 in

123 455 254 530 ipsomet
267 455 440 532 nuptiarum
455 455 502 514 die
525 471 662 530 asponso
677 471 803 529 sponsae
820 453 994 515 tradebatur
1009 460 1078 516 aute

123 537 203 612 ipsas
218 537 370 596 Ecclesiae
387 535 476 596 tores.
500 533 647 596 Sacerdos
661 536 742 596 enim
758 537 903 598 annulum
919 537 1016 613 primo
1029 555 1078 598 ac·

123 618 379 694 cipiebat,·atque
395 635 486 694 super
502 617 586 677 illum
604 616 842 677 benedictionem
858 617 1020 692 quamdam
1031 637 1080 680 re·

125 699 246 762 citabat.
270 697 308 760 Ut
324 700 403 758 initis
424 698 579 775 sponsaliis
595 698 694 777 majus
717 699 809 759 robur
831 715 865 758 ac
882 697 1008 760 firmitas
1028 718 1078 760 ac·
1190 722 1193 728 ’

123 781 256 849 eederet,
281 781 430 857 simulque
453 797 490 840 nc
512 797 583 840 ansa
606 780 798 850 clandestinis
821 781 931 856 nuptiis
952 783 1079 859 praebe·

106 869 221 951 tratur,
247 863 370 940 quidam
387 862 507 922 testium
524 879 670 922 numerus
690 862 902 938 requirebatur
917 880 1078 938 :auorum

123 946 243 1004 nomine
265 945 369 1004 venire
392 942 503 1003 adfines
525 949 615 1019 atquc
637 946 750 1017 amices
781 961 818 1002 ex
840 948 970 1021 utraque
993 951 1077 1021 parte

123 1027 341 1103 sponsaliorum
363 1025 554 1086 celebrationi
571 1026 716 1086 admissos
733 1025 863 1086 videtur.
880 1023 962 1098 Quot
975 1034 1078 1089 autem

124 1113 217 1169 testes
239 1109 383 1168 interesse
406 1108 569 1175 deberent,
595 1125 653 1166 non
675 1108 747 1168 satis
769 1107 873 1183 liquet.

165 1187 205 1248 11.
230 1188 398 1251 Constituto
420 1190 456 1249 ad
473 1189 669 1250 celebrandas
685 1188 801 1267 nuptias
823 1189 871 1251 die
886 1188 1077 1262 adveniente,

122 1287 249 1348 sponsus
270 1277 301 1332 et
315 1287 422 1346 sponsa
446 1271 639 1331 benedicendi
662 1271 868 1348 aparentibus
896 1271 1078 1334 sistebantur

2 1358 6 1363 ¹
121 1350 276 1414 Sacerdoti
298 1354 336 1412 ad
358 1359 459 1431 portas
481 1351 644 1415 Ecclesiae.
667 1350 810 1414 Parentes
832 1357 934 1413 autam
960 1354 998 1413 ad
1021 1353 1078 1415 Ec·

122 1434 243 1495 alesiam
261 1435 397 1495 terebant
418 1452 538 1511 quoqpe
555 1435 672 1494 tabulas
694 1435 852 1512 nuptiales,
877 1440 910 1496 ut
925 1435 1076 1514 conjicere

122 1515 220 1593 liquet
241 1534 279 1577 ex
302 1516 425 1592 antiqua
448 1514 545 1593 figura
566 1517 666 1595 sponsi
689 1521 781 1593 atque
795 1533 922 1593 sponsae
944 1517 975 1574 in
991 1521 1078 1577 retu·

122 1603 168 1658 sto
191 1598 269 1657 vitro
291 1597 370 1676 apud
393 1598 602 1670 Bonarrotium
630 1595 842 1658 Osseraoar'oai
861 1598 942 1676 septi
955 1594 1083 1660 Antisti

123 1683 202 1740 cetri
228 1676 298 1742 Tau.
316 1678 396 1739 XXI
412 1680 462 1761 fip.
486 1680 520 1750 5,
544 1681 574 1738 in
597 1699 656 1756 quo
680 1697 772 1757 prope
788 1697 926 1756 sponsam
949 1678 1079 1740 babetur

122 1761 289 1829 volumen,
313 1761 392 1837 qarod
415 1762 530 1821 tabulas
552 1762 617 1821 illas
640 1761 773 1822 indicare
795 1761 1001 1839 putaritipse
1023 1761 1078 1822 Bo·
1188 1784 1193 1807 ι

122 1845 285 1904 namatius.
319 1842 396 1904 lllud
419 1861 509 1921 porro
531 1845 690 1904 advertere
721 1849 874 1919 praestat,
909 1860 976 1902 cam
1004 1842 1078 1904 olim

122 1925 202 2000 apud
219 1923 404 1988 Christianos
415 1925 577 1987 obtinuisse
589 1925 848 1993 consuetudinem,
865 1928 970 1995 utnon
988 1925 1077 1986 modo

123 2003 287 2084 Episcopos
310 2007 346 2065 de
363 2007 499 2068 ineundis
516 2007 626 2083 nuptiis
642 2005 841 2076 consulerent;
865 2007 1077 2067 verumetiam

123 2092 157 2148 ut
180 2091 299 2166 nuptiae
316 2090 431 2149 nonnisi
447 2088 657 2149 communibus
672 2086 910 2149 Christianorum
928 2088 1076 2163 precibus,

120 2186 341 2246 sacrorumque
364 2171 568 2232 ministrorum
592 2169 799 2238 benedictione
814 2175 1072 2231 consecrarentur.

122 2250 162 2310 Et
175 2269 210 2310 re
233 2253 353 2328 quidem
376 2270 449 2313 vera
461 2253 562 2312 Patres
577 2251 688 2311 diserte
703 2249 863 2311 adfirmant
884 2250 1003 2328 nuptias
1023 2268 1078 2328 per

120 2329 314 2394 Sacerdotem
336 2352 401 2394 esso
424 2333 651 2396 benedicendas.
682 2332 713 2394 S.
737 2332 870 2410 lgnatius
902 2334 1018 2411 lllartyr
1046 2333 1077 2392 iu

120 2411 256 2492 Epistola
271 2414 311 2474 ad
326 2414 538 2494 Polycarpum,
562 2414 662 2474 decere
678 2415 785 2490 inquit,
800 2425 833 2475 at
849 2412 986 2474 ducentes
1001 2431 1077 2493 aaa·

119 2513 169 2557 res
191 2507 218 2555 ct
239 2498 380 2556 nubentes
393 2539 410 2564 ,.
424 2514 490 2556 cum
516 2493 654 2576 Episcopi
674 2498 801 2557 arbitrio
823 2499 1074 2576 conjunpantur,

120 2586 155 2636 ut
177 2580 300 2656 nuptiae
318 2580 412 2658 juata
435 2577 558 2637 Domini
577 2587 773 2657 praeceptam
795 2579 874 2646 siut,
898 2595 957 2636 non
978 2587 1077 2638 autern

121 2656 162 2717 ad
184 2661 463 2739 concupiscentiam.
495 2656 699 2720 Tertullianus
727 2659 794 2718 Lib.
818 2657 847 2719 11
879 2657 920 2718 ad
947 2663 1076 2718 uxorem

121 2758 206 2798 narrt.
231 2738 251 2799 8
274 2741 387 2805 scribit,
413 2741 508 2801 solum
525 2739 597 2798 illud
615 2741 839 2800 matrimonium
862 2740 959 2800 aDeo
976 2746 1076 2800 ratum

99 2820 250 2888 'halrari,
275 2820 510 2898 quorl‘ls'cclesia
533 2822 689 2890 conciliat,
713 2822 868 2901 corrfirmat
889 2820 1006 2889 oblatio,
1029 2820 1078 2878 ob·

119 2905 222 2980 sipnat
245 2903 425 2972 benedicum
448 2905 498 2964 ubi
521 2903 599 2962 inter
621 2909 722 2963 cetera
745 2902 817 2963 illud
839 2902 972 2980 obsipnat
993 2904 1077 2961 bans·

123 2983 358 3062 dictia,·digaum
384 2990 488 3045 notatu
509 2988 567 3045 cst:
593 2984 717 3044 innuere
739 2985 818 3044 enim
842 2984 979 3054 ridetur,
996 2982 1077 3059 quod

119 3067 322 3126 ecclesiastica
352 3066 581 3132 bencdictione,
606 3065 700 3124 veluti
717 3065 821 3142 *sigillo
846 3064 999 3139 quodam,
1026 3082 1079 3124 nu·

122 3149 204 3224 ptiae
226 3145 487 3210 confirmarentur.
506 3146 537 3207 S.
556 3146 683 3206 basilius
698 3144 831 3207 Homilia
847 3144 905 3205 v11
926 3146 957 3204 in
972 3143 1077 3206 Heca·

121 3247 225 3288 meran
246 3229 469 3288 matrimonium
492 3225 595 3288 definit
622 3230 731 3307 jupam
763 3246 817 3304 per
839 3227 1077 3288 benedictionem

123 3309 310 3386 impositum.
333 3307 567 3388 Chrysostomus
589 3307 723 3370 Humilia
739 3307 870 3370 LXVlll
893 3310 921 3367 in
940 3307 1077 3373 Genesim

121 3392 301 3453 sacerdotali
324 3392 518 3452 benedictioni
542 3392 724 3451 matrimonii
746 3391 966 3463 concordiam,
996 3409 1074 3467 quae

122 3471 308 3535 Sacramenti
330 3473 454 3534 allectus
470 3478 525 3535 est,
545 3473 661 3533 tribuit:
675 3483 702 3532 et
719 3471 889 3535 Sacerdotes
910 3491 1027 3541 cacare,
1051 3483 1079 3534 et

119 3555 257 3635 precibus
271 3573 306 3616 oc
317 3554 567 3616 benedictionibus
579 3553 771 3616 concordiam
784 3554 919 3632 eoainpii
932 3553 1080 3616 constrin-
1123 3625 1129 3638 ‚
