2567 4042
598 188 660 253 em
680 179 722 241 62
742 186 802 249 Ele

196 330 288 372 -neor
308 308 541 385 Arelidioconi,
558 309 665 371 tradet
685 311 713 369 ei
733 300 895 389 Episcopus
914 308 1006 368 closer
1025 304 1175 367 Ecclesiae

220 393 256 453 de
272 391 406 458 Altario,
425 390 537 451 diceas:
552 390 604 451 Sic
625 410 680 469 ope
701 392 789 470 qnasi
809 389 987 451 reddituros
1001 388 1063 448 Boo
1083 388 1187 447 rotie·

220 492 288 534 nem
305 492 362 553 pro
377 474 423 533 bis
438 474 524 531 rebus
534 514 543 543 ,
561 491 637 551 qnae
653 474 698 533 ltis
713 468 844 532 clondn's
866 470 1074 533 recludantur.
1093 467 1176 529 Alios
1265 496 1266 519 t

220 555 328 617 Libros
348 552 541 627 Pontificales
563 552 693 631 idipsum
715 559 859 617 testantes
880 568 1051 621 memorare
1071 568 1176 629 super·
1262 601 1263 617 ,

220 654 388 699 vacaneum
403 641 459 695 est.
473 635 637 713 Postquam
649 635 816 715 Episcopus
831 634 933 698 clares
948 632 1070 692 tradidit
1080 630 1176 694 Ostia·
1261 618 1266 695 l

220 720 292 784 riis,
315 718 577 785 Archidiaconus,
601 718 666 778 sive
688 720 763 778 alius
785 713 1087 777 Archidiaconi·rioe
1104 712 1195 783 -lun·,

221 818 317 877 gens,
349 800 434 859 ducit
458 800 583 859 eosdem
616 799 652 858 ad
681 802 791 861 ostium
812 797 965 859 Ecclesiae
981 832 992 868 ·,
1018 796 1175 874 ipsumque

220 884 331 942 ostium
352 880 493 942 claudere
522 888 553 941 et
573 882 702 958 ¹aperire.
715 880 813 959 jubet.
837 880 896 957 Qui
923 877 1075 955 ritusetsi
1097 876 1178 940 desi·
1265 908 1266 912 ,

220 964 343 1024 deretur
357 965 388 1022 in
404 962 525 1022 laudato
538 962 670 1023 Concilio
683 962 912 1041 Carthaginensi
923 962 966 1023 lV
978 950 1098 1031 (lenone
1115 958 1173 1033 IX,
1265 988 1266 1014 ;

220 1045 350 1106 habetur
372 1042 473 1104 tamen
502 1045 532 1102 in
554 1044 796 1105 sacramentario
818 1043 919 1109 Sancti
942 1041 1092 1119 Gregorii.
1119 1041 1176 1117 Co·¹
1265 1088 1266 1098 ,

222 1126 280 1186 dex
301 1127 420 1186 lietoldi
441 1126 522 1204 apud
543 1126 733 1195 Menardum,
752 1134 783 1189 et
802 1122 975 1187 Pontificale
991 1122 1174 1200 Corbejeuse'
1265 1150 1266 1175 1

221 1207 302 1283 apud.
321 1208 501 1278 Morinum,
532 1225 567 1267 ac
588 1206 999 1284 SressionenseMonasterii
1026 1204 1177 1283 Compenf
1265 1250 1266 1255 η

219 1290 330 1350 diensis
352 1291 431 1366 apud
447 1289 646 1359 lienteriam,
672 1288 902 1367 praescribunt,
920 1293 961 1357 ut,
972 1287 1174 1368 ¹Archidiaco·
1265 1324 1266 1341 ,

222 1390 279 1432 nus
300 1373 415 1433 ostium
435 1368 592 1432 Ecclesiae
612 1371 759 1432 tradendo
781 1371 887 1431 dicat:
912 1368 973 1429 Per
994 1370 1046 1428 boe
1067 1371 1176 1429 ostiam
1265 1402 1266 1423 r

221 1452 362 1513 traditor
384 1453 464 1515 nobis
491 1452 719 1525 ministerium,
744 1463 779 1513 nt
801 1455 866 1513 sitis
886 1452 1037 1532 janitores
1063 1447 1177 1529 Tempe

219 1536 300 1602 Dei,
323 1535 512 1613 tabentisque
529 1543 703 1614 potestatem
725 1533 891 1613 recipiendi
912 1535 1000 1605 boens
1018 1540 1079 1607 ‚et
1102 1534 1179 1613 reji·
1260 1572 1266 1591 ,,

222 1615 322 1675 ciendi
336 1615 490 1693 indignos.
505 1616 640 1675 Traditio
655 1613 735 1676 lunis
751 1622 782 1677 et
796 1616 923 1691 pulsatio
939 1612 1188 1691 Campanaru‘rn,'

221 1696 310 1774 cnjus
331 1699 500 1757 meminere
521 1695 696 1757 Pontificale
718 1684 966 1766 Cameracense.,'
983 1695 1173 1773 Arelatense,
1265 1730 1266 1735 κ

220 1776 431 1857 llloguntinum
452 1778 572 1856 duplex,
589 1780 758 1842 Romanum
773 1778 1013 1855 manuscriptum
1027 1775 1175 1838 Autissio·
1260 1804 1266 1831 t

221 1860 358 1933 dorense‚
384 1860 561 1921 recentioris
581 1864 628 1919 est
650 1860 789 1933 instituti,
814 1878 908 1921 annos
929 1860 981 1917 rix
1002 1856 1063 1937 500
1085 1860 1176 1937 supe·
1260 1880 1266 1913 t

220 1960 301 2002 rans.
332 1940 576 2014 inordinatione
598 1940 765 2005 Lectorurn
785 1941 976 2002 consentiunt
996 1941 1101 1999 omnes
1122 1960 1176 2001 an*
1265 1988 1266 1996 ,

221 2023 296 2099 tiqui
319 2023 402 2083 Libri
423 2022 612 2086 Pontificales
635 2024 858 2089 cumConcilio
873 2022 1101 2099 Carthaginensi
1117 2022 1174 2095 lv,
1265 2072 1266 2080 ,

221 2103 309 2182 cujus
330 2105 434 2167 Cenon
456 2111 581 2167 octavus
602 2105 646 2165 sic
668 2106 773 2167 habet:
790 2102 895 2166 Lector
916 2122 982 2163 com
997 2102 1173 2172 ordinatur.
1265 2138 1266 2149 κ

175 2218 178 2221 ’
219 2185 317 2263 societ
347 2187 382 2246 de
403 2188 458 2248 itio
480 2187 601 2246 verbnm
623 2184 790 2267 Episcopus
811 2187 853 2245 od
869 2186 1005 2263 plebem,
1033 2177 1175 2245 indicens
1265 2228 1266 2243 r

221 2270 283 2347 ejus
304 2266 392 2346 fidem
414 2287 450 2328 oc
472 2270 590 2338 otram,
613 2278 701 2345 etque
723 2269 890 2347 inpertiam.
916 2263 985 2326 Post
1000 2266 1094 2338 plener,
1113 2284 1176 2346 spe·
1260 2318 1266 2345 3

222 2356 323 2407 stante
341 2349 441 2428 plebe,
465 2348 569 2409 tradat
591 2348 618 2406 ri
643 2349 800 2418 coercent,
825 2348 861 2407 de
884 2366 941 2426 quo
962 2348 1098 2407 lecturos
1120 2358 1190 2417 est,

202 2469 204 2474 -
222 2427 322 2487 dicens
342 2428 385 2488 'od
407 2448 486 2491 enm:
509 2428 628 2518 Accipe,
655 2439 683 2489 et
705 2441 763 2491 esto
777 2428 882 2490 Lector
898 2428 984 2489 oerbi
1006 2428 1073 2496 Dei,
1091 2428 1175 2489 bubi-
1265 2464 1266 2483 2

220 2520 308 2582 taras
322 2550 335 2576 .
354 2511 381 2570 si
402 2510 528 2591 fideliter
550 2520 579 2570 et
599 2512 720 2573 utiliter
741 2506 913 2591 impleveris
930 2508 1059 2590 officiunt
1071 2549 1089 2577 ‚,
1099 2528 1175 2589 por·
1265 2532 1266 2535 ¹

220 2601 279 2650 tem
301 2610 370 2663 cant
400 2592 517 2671 eisqui
545 2593 667 2653 corbum
692 2592 749 2651 Dei
770 2593 1032 2653 ministraverunt.
1056 2588 1175 2663 Quibus
1265 2610 1266 2615 ¹

197 2671 322 2731 ¹ro‘rhis
344 2674 438 2734 semel
461 2668 612 2748 prolatis,
636 2674 662 2732 si
685 2664 788 2751 plures
810 2674 1010 2740 ordinentur,
1034 2672 1172 2733 omuibus

220 2753 388 2814 successive
410 2754 702 2831 Codextangeudus
726 2756 903 2831 praebetur,
928 2757 979 2814 aut
1000 2753 1108 2814 saltem
1130 2754 1175 2811 ri·

219 2833 334 2895 dendus
367 2835 559 2905 ostenditur,
593 2840 629 2895 ut
660 2836 754 2897 habet
782 2834 956 2896 Pontificale
978 2832 1175 2912 Andcgaren·

115 2964 117 2968 .
220 2931 263 2977 se
288 2914 333 2977 De
356 2917 524 2987 Exorcistis
546 2921 649 2977 autem
671 2917 713 2981 ita
730 2919 839 2979 statuit
859 2917 1026 2983 Concilium
1046 2915 1174 2978 Cartha-

220 3000 342 3075 gineuse
364 2999 408 3060 lV
429 2998 550 3061 Cauone
572 3000 724 3077 septimo:
745 2996 933 3069 Enorcistn,
959 3016 1027 3058 curn
1049 2986 1174 3057 ordine·

133 3086 135 3090 ’
220 3090 283 3149 ter,
300 3082 432 3161 accipiet
449 3082 490 3153 ,de
510 3094 605 3139 menn
624 3078 764 3159 Episcopi
784 3082 914 3141 libellum
935 3082 971 3139 in
993 3096 1048 3159 qao
1069 3082 1175 3157 scripti

219 3169 289 3220 sunt
311 3165 479 3231 catorcismi,
504 3162 619 3221 dicente
641 3159 797 3239 Episcopo:
813 3156 937 3242 -Acripe,
955 3170 981 3220 et
1002 3160 1174 3233 commende
1196 3153 1200 3163 '

208 3240 389 3313 'memoriae
407 3256 434 3304 et
455 3245 556 3303 boleto
565 3251 743 3320 potestatem
765 3242 947 3321 imponendi·
955 3258 1062 3305 manns
1084 3258 1174 3321 snper

221 3318 477 3400 Enerpnnienem‚
499 3327 560 3385 sice
581 3320 798 3403 Baptizatum,
821 3327 882 3387 sioe
907 3324 1169 3396 Cetecltumecnm.

220 3402 269 3469 Ad
289 3405 419 3465 verbnm
440 3406 584 3467 describit
606 3402 880 3467 Sicramentarium
902 3404 932 3465 S.
957 3403 1111 3482 Gregorii,
1136 3423 1170 3465 ac

220 3482 358 3561 plerique
378 3486 461 3545 Libri
483 3484 671 3548 Pontificales
692 3504 710 3545 a
731 3485 764 3546 P.
788 3486 907 3548 Morino
928 3486 1010 3547 editi:
1035 3486 1171 3561 quamvis

221 3558 304 3626 Ordo
324 3565 491 3640 Romanus,
500 3586 544 3645 ⁴ac
565 3584 623 3627 uon
646 3568 733 3653 pauci
756 3568 806 3628 alii
829 3568 963 3631 Ritualcs
984 3566 1067 3656 Libri
1088 3584 1171 3656 eam·
