2567 4042
485 215 713 287 diemde·

119 359 148 400 sa
174 343 360 402 continentie
384 352 596 422 prosperaret.
620 339 660 404 Et
682 341 833 404 'Sermone
860 341 888 404 ll
911 343 1077 424 appropia·

118 432 250 498 penate,
276 424 391 500 inquit,
414 425 601 485 solemnitate
623 422 781 495 Poecloli,
804 421 887 486 adast
907 427 1076 488 monimum

118 505 411 584 sacratissimamque
429 505 592 588 jejunium,
611 503 691 586 quod
710 507 926 580 observantiam
939 509 987 568 sui
1006 512 1076 570 eoi·

116 588 209 646 uerae
230 584 367 666 fidelibus
380 589 444 648 sine
466 588 633 665 acceptione
648 585 817 648 denuntiat.
835 585 970 648 Canones
984 592 1075 656 etiam

116 665 160 726 sic
186 667 259 727 dicti
281 667 445 746 Apostolici
473 669 659 748 gravissimis
686 669 790 746 poenis
816 669 1074 748 quadragesimale

113 747 267 826 Jejuninm
294 751 513 826 praescribunt.
536 750 663 827 Insuper
686 750 824 830 Spnodus
845 749 975 812 Nicaena
1004 770 1070 812 en.

116 827 144 889 V
165 829 241 892 duas
263 833 421 908 quotannis
442 833 473 892 in
497 849 677 909 unaquaque
699 832 852 908 provincia
867 772 1072 912 Spnodos'qu·

115 912 236 972 lebrari·
250 911 369 990 jubens,
392 914 441 974 his
454 915 555 975 uerbis
577 912 702 974 definit:
726 912 841 993 Spnodi
862 923 961 975 entem
985 916 1071 997 finnt,

112 1011 179 1054 nnn
194 992 314 1072 quidem
335 1003 405 1054 ante
428 992 703 1075 qoodropasimom
720 995 849 1056 secondo
869 1003 971 1056 antem
992 1000 1073 1058 circa

112 1077 255 1136 commui
276 1086 401 1156 tempos.
426 1078 468 1138 At
480 1075 585 1137 Patres
606 1094 643 1137 ea
666 1080 704 1137 in.
718 1076 837 1154 Synodo
860 1078 955 1138 coacti
977 1080 1015 1140 ad
1038 1081 1073 1139 ei-

113 1154 315 1232 gnilicandum
337 1157 447 1234 prioris
468 1159 664 1219 anniversarii
687 1157 811 1220 Consilii
835 1163 955 1236 tempus
977 1163 1072 1220 nomi-

112 1253 151 1299 ne
165 1237 421 1314 Quadragesimae
443 1242 489 1302 usi
511 1240 635 1300 minime
657 1240 794 1308 luissent,
818 1241 873 1301 nisi
896 1257 949 1318 per
965 1259 1070 1304 omnes

111 1318 269 1384 Ecclesiae
282 1319 537 1399 Quadragesimae
557 1321 731 1400 jejunium,
761 1339 819 1380 non
841 1337 930 1382 secus
958 1340 1071 1404 aeau-

109 1402 208 1462 tumni
231 1411 352 1479 tempus
373 1403 552 1464 innotuisset
573 1403 723 1464 omuibus.
741 1401 855 1464 Omnes
876 1402 987 1482 quippe
1003 1403 1069 1463 ubi-

110 1500 232 1560 cunque
253 1484 389 1560 gentium
411 1482 567 1546 Ecclesiae
598 1486 626 1545 ei
644 1485 943 1562 ¹decretoobnoxiae
971 1491 1068 1556 crant,

111 1563 197 1624 ldem
220 1569 303 1640 patet
323 1581 361 1626 ex
375 1562 497 1644 Synodo
512 1565 691 1635 Laodicena,
708 1585 786 1644 quae
801 1565 1071 1644 Quadragesimam

110 1646 253 1723 supponit
282 1664 340 1706 non
362 1649 492 1709 recentis
512 1666 579 1710 esse
608 1649 802 1714 institutionis
819 1691 836 1718 ,‚
857 1646 909 1707 sed
931 1651 1069 1725 antiquae

111 1727 290 1796 traditionis,
304 1733 335 1788 et
349 1729 514 1790 multarum
536 1730 740 1791 hedomadum
763 1729 915 1809 Jejunium
939 1731 1070 1808 complc-

108 1810 251 1884 cti,⁴cum
264 1806 385 1870 Conone
406 1809 448 1870 50
469 1813 523 1871 ait:
544 1809 630 1886 Quod
652 1831 713 1871 non
727 1817 860 1891 oporteat
879 1812 914 1870 in
932 1811 1071 1887 Quadra·

108 1892 231 1967 pemmo,
242 1889 279 1948 in
292 1890 414 1950 ultimae
428 1895 610 1972 septimanae
625 1890 741 1967 Quinto
755 1893 835 1971 forie
846 1893 1000 1972 jejuniam
1014 1894 1068 1966 sol-

111 1989 192 2040 ocrc,
214 1979 365 2050 totamque
384 1970 657 2051 Quodropcsimom
683 1977 746 2034 sinc
770 1975 960 2034 veneratione
986 1983 1070 2035 tran·
1157 2009 1159 2012 ·

109 2053 171 2113 sire
196 2052 349 2131 mnqisqnc
372 2057 526 2124 consociat
542 2074 659 2114 omnem
676 2052 946 2131 Quodropcsimum
970 2049 1071 2118 distri-

109 2127 159 2204 r'to
173 2134 315 2194 venerari
330 2137 459 2216 jejunio.
484 2134 585 2212 Atque
608 2137 678 2197 hinc
698 2135 802 2202 aliud,
825 2133 1075 2196 efficacissimum

108 2215 148 2275 ad
171 2213 411 2278 confirmandum
434 2217 708 2296 quadragenarium
731 2215 892 2296 jejunium,
910 2219 1005 2279 oritur
1020 2237 1069 2279 ar-

106 2301 299 2376 gumentum.
323 2298 427 2372 Quum
448 2299 530 2359 enim
551 2306 659 2375 quarto
681 2298 801 2360 saeculo
829 2297 888 2358 hoc
914 2299 1068 2381 jejunium-

107 2379 149 2439 ab
178 2379 317 2440 omnibus
347 2377 486 2440 Patribus
507 2380 716 2448 inculcatum,
749 2385 839 2456 atque
862 2382 898 2440 ab
928 2381 1066 2443 universa

108 2458 246 2520 Ecclesia
282 2461 477 2522 observatum
505 2462 569 2531 sit3
602 2480 699 2538 quum
730 2479 871 2540 magnum
900 2462 1065 2528 Nicaenum

106 2540 288 2609 Concilium,
306 2547 341 2602 ut
362 2547 463 2602 notam
484 2544 663 2620 signumque
678 2543 846 2611 indubium,
864 2544 1062 2620 omnibusque

107 2628 297 2700 compertum
319 2622 393 2684 illud
415 2626 628 2702 proposuerit,
653 2624 770 2702 quoad
793 2630 910 2687 sanctas
932 2625 1066 2706 Synodos

107 2703 243 2784 hyemali
263 2710 401 2782 tempore
424 2705 581 2780 quotannis
603 2706 875 2766 ecclesiasticarum
896 2708 1064 2784 provincia-

38 2821 42 2829 =
105 2805 175 2846 rum
198 2786 394 2847 convenirent
415 2784 581 2864 Episcopi:
609 2787 806 2863 'qui'quaeso
838 2793 897 2848 tam
926 2794 1064 2848 constans

108 2868 224 2944 ubique
252 2867 386 2944 gentium
408 2866 647 2939 Christianarum
676 2867 828 2945 disciplina
856 2868 961 2930 eodem
991 2875 1065 2944 tems
1136 2900 1141 2909 ι

106 2965 183 3027 pore
198 2954 236 3009 et
257 2950 359 3020 nasci,
384 2954 414 3009 et
434 2949 608 3010 adolescere
630 2951 747 3026 potuit,
772 2951 828 3009 nisi
849 2950 1063 3027 antiquissimis

107 3030 307 3109 temporibus,
320 3035 412 3108 atque
426 3032 540 3108 abipso
553 3028 767 3107 Apostolorum
779 3049 854 3091 aevo
870 3031 1063 3093 obtinuisset?

147 3111 204 3173 lll.
227 3110 341 3173 Causae
368 3114 407 3172 ob
428 3129 503 3189 quas
529 3110 676 3190 jejunium
697 3112 949 3191 Quadragesimae
978 3119 1064 3191 prae-

106 3195 334 3272 ceptum'esset
354 3194 392 3252 ab
413 3192 559 3265 Ecclesia,
576 3194 678 3272 plures
693 3191 875 3255 afferuntur.
888 3192 991 3255 Prima
1013 3213 1061 3256 ra-

109 3277 150 3337 tio
172 3291 207 3336 ea
222 3280 279 3344 est,
297 3273 384 3351 cujus
399 3274 602 3348 Tertullianus
623 3275 771 3344 meminit,
788 3277 931 3337 nimirum
953 3280 987 3336 ut
1001 3294 1064 3336 me-¹

108 3358 238 3417 moriam
258 3357 446 3419 recoleretur
466 3354 564 3418 luctus
595 3362 685 3433 atque
719 3357 912 3434 aegritudinis
934 3356 1061 3435 Aposto-

107 3439 207 3499 lorum
237 3438 275 3498 oh
297 3438 435 3516 Magistri
456 3439 500 3498 sui
524 3443 663 3517 mortem.
682 3437 816 3500 Secunda
838 3439 875 3499 ad
903 3437 1061 3516 justiorem

107 3517 346 3580 Christianarum
368 3519 514 3580 virtutum
536 3519 795 3581 exercitationem.
813 3518 914 3580 Tertia
937 3525 969 3581 ut
991 3518 1062 3582 lide·

107 3603 152 3662 les
173 3619 205 3660 se
228 3606 444 3678 praepararent
465 3599 547 3660 adS‘.
563 3598 789 3662 Eucharistiam
804 3601 891 3678 digne
914 3603 1060 3680 accipien-
