2567 4042
434 164 578 240 &321
598 172 661 236 ffl-

86 297 175 359 retur,
198 293 254 356 nisi
275 295 305 357 tu
326 291 431 358 rdtinm
450 297 532 359 ritae
553 292 690 372 periodo,
705 295 740 354 nt
753 296 835 368 patet
856 309 892 352 ex
908 285 1027 354 &none

89 374 239 438 XXXVII
255 376 381 439 Consilii
402 375 602 462 illiberitani,
623 374 698 454 jam¹
710 375 813 454 miritis
835 373 1026 435 nihilominus

82 457 209 519 abhinc
231 461 359 524 saeculis
381 460 578 524 sacranssirns
605 461 643 520 iis
664 455 855 524 Eucharistia
876 456 1026 534 dispensa·

79 545 152 610 tur,
175 542 228 616 aui
251 542 357 604 lucidis
378 540 717 605 intervallistrnunlur.
746 537 792 600 lle
811 535 1028 604 Communione
1059 553 1061 559 ⁴

79 621 236 686 ¹infantium
258 629 343 686 recta
357 623 518 686 admodum
546 623 636 688 ancer
656 622 821 684 Tridentini
836 618 958 682 Concilii
973 619 1028 682 Ca,-

85 703 243 768 tecbismus
265 704 392 769 Partell
413 706 458 767 De
481 703 688 770 Eucharistiae
714 701 919 772 Sacramenta,
943 721 1026 768 num.

80 784 190 857 txvt,
207 805 274 849 eam
291 789 350 850 illis
365 789 488 851 minime
508 805 576 848 esse
589 785 866 851 administrandam.
880 784 935 846 Ubi
952 787 1027 847 hanc

78 869 169 931 etiarn
193 870 342 933 rationem
364 870 475 933 subdit:
499 867 543 930 Hi
565 869 643 930 caim
659 887 751 948 aseae
768 865 894 928 Sacram
911 865 1028 928 Essclo

87 951 197 1012 menam
221 969 242 1010 a
258 954 416 1033 prosam,
441 962 469 1012 et
491 954 640 1018 communi
657 969 739 1031 pone
760 951 859 1010 sciant
879 948 1026 1010 discerne-

84 1049 136 1098 rc,
158 1051 255 1111 acque
280 1035 323 1099 ad
351 1052 416 1096 carn
437 1032 672 1113 accipiendam,
692 1034 837 1112 pietatem
860 1033 980 1100 animi,
1004 1041 1030 1093 ct

83 1114 253 1191 edicionem
273 1116 381 1196 afferre
400 1126 533 1196 pescant.
550 1113 806 1177 Confessariornm
828 1118 859 1176 et
883 1114 1032 1176 Paracho-

86 1211 146 1260 rurn
169 1196 347 1271 prudentiae
368 1198 397 1259 id
418 1197 609 1274 relinquitur.
679 1255 682 1262 ,
820 1215 822 1222 ·

122 1277 191 1342 vll.
215 1277 322 1350 Quoad
343 1279 477 1341 ordinem
493 1277 680 1342 ministrandi
702 1293 819 1340 sacram
840 1274 1033 1338 Communia·

88 1376 164 1430 nem,
187 1363 312 1423 mandat
331 1361 451 1423 Ilitnale
473 1360 605 1438 primum
628 1366 663 1422 ul
683 1359 838 1423 vasculum
856 1377 961 1426 unum,
985 1357 1033 1420 vel

88 1439 193 1517 plura,
217 1443 336 1506 menti
358 1447 389 1507 et
409 1442 570 1503 commodo
589 1443 658 1506 loco
674 1449 861 1520 exponantur
884 1460 952 1503 cum
965 1443 1034 1502 ciac

88 1531 113 1581 et
130 1542 212 1603 aquo
245 1525 286 1584 ad
305 1521 548 1604 purificationem
568 1541 668 1586 eoram
683 1569 691 1593 ,
706 1583 709 1590 Δ
724 1526 777 1603 qai
799 1524 1034 1590 communionem

88 1607 277 1685 compserint.
299 1605 373 1669 Esse
395 1625 470 1670 vero
493 1607 573 1670 bunc
598 1607 755 1684 antiquum
777 1607 892 1684 ritum,
922 1610 954 1666 ul
981 1621 1035 1682 pu·

89 1685 210 1752 rificatio
233 1695 301 1766 post
314 1688 576 1757 communionem,
599 1707 657 1750 non
673 1687 763 1750 modo
779 1705 796 1747 a
811 1685 971 1748 Sacerdote
986 1703 1035 1748 ec·

89 1767 229 1835 lebrante,
249 1771 300 1830 sed
314 1788 331 1830 a
344 1769 483 1834 fidelibus
496 1771 725 1834 communicatis
746 1776 927 1838 sumeretur,
946 1769 1035 1846 paulo

82 1856 150 1912 ante
171 1853 359 1912 monuimus.
382 1851 470 1914 Plura
486 1869 576 1927 porro
591 1853 666 1913 scitu
689 1853 777 1929 digna
798 1852 835 1912 de
852 1853 913 1927 ipsa
936 1849 1036 1928 populi

90 1931 292 2006 purificatione
303 1937 371 2010 post
385 1934 634 1997 communionem
662 1933 787 2012 ejusque
810 1935 869 1994 ritn
883 1935 985 1992 statuit
1000 1931 1030 1994 S.

86 2010 211 2077 Carolus
232 2017 264 2074 in
285 2013 422 2077 Consiliis
443 2016 505 2076 suis
526 2015 810 2084 Mediolanensibus,
827 2021 858 2076 et
875 2014 907 2072 in
922 2013 1035 2074 Instru-

89 2095 234 2159 ctienibus
255 2097 293 2157 de
314 2096 400 2159 saera
424 2095 643 2159 Communione
667 2097 784 2174 vulgari
807 2113 944 2157 sermono
966 2113 1036 2155 con·
1064 2109 1071 2126 ·

90 2177 214 2253 scriptis,
234 2180 313 2239 sicut
332 2179 413 2240 etde
428 2180 508 2240 vasis
528 2179 556 2238 ei
571 2180 642 2241 usui
657 2179 821 2240 destinatio.
837 2177 913 2237 Vult
926 2179 1036 2254 qnippe

90 2257 345 2328 interrumpatis
360 2260 449 2321 modo
460 2260 559 2322 Callae
584 2262 631 2320 vel
647 2261 704 2322 alio
719 2278 801 2330 vase,
812 2259 891 2337 qnod
906 2261 944 2320 ad
959 2258 1036 2320 sacri
1109 2319 1112 2324 ,

91 2335 191 2402 Calicis
215 2341 344 2402 formam
365 2341 478 2405 iactum
500 2341 549 2412 sil,
566 2341 735 2418 purificatio
758 2344 821 2420 ipsa
843 2341 1033 2421 praebeatur.

90 2419 210 2486 Praeter
225 2425 377 2500 praedicta
391 2442 475 2495 vasa,
489 2423 658 2500 parandum
672 2431 719 2486 est
734 2443 771 2486 ex
786 2424 969 2502 praescripto
985 2439 1037 2484 no-

91 2506 140 2563 stri
160 2503 293 2567 Ritualis
314 2505 439 2568 linteum
462 2506 632 2575 mundum,
657 2513 691 2568 nt
715 2507 753 2568 sit
773 2511 841 2568 ante
864 2525 916 2567 ees
937 2512 1039 2566 exlen-

90 2601 155 2646 sum
178 2587 234 2664 qni
256 2587 507 2650 cornmunicatnri
529 2593 606 2651 snat.
624 2587 719 2650 Porro
733 2588 783 2649 ubi
806 2605 865 2648 non
879 2593 926 2654 est
939 2587 1040 2666 populi

91 2670 338 2758 communicantis
358 2668 546 2740 multitudo,
572 2671 672 2740 solent
693 2669 826 2732 nonnulli
856 2671 1041 2736 sudariolum

30 2788 31 2793 κ
93 2748 202 2830 Allaria
218 2753 382 2829 suscipere.
396 2751 519 2813 Mandat
529 2757 686 2830 praeterea
700 2751 819 2814 Rituale
834 2757 865 2812 ul
882 2753 1040 2821 Sacerdos,

94 2827 156 2891 lotis
177 2832 268 2911 prins·
285 2835 442 2903 manibus,
465 2849 582 2894 sacram
604 2833 851 2896 Communionem
874 2835 1040 2902 ministrem

94 2909 176 2974 decet
196 2915 279 2974 enirn
301 2917 545 2993 quammaxime,
568 2922 675 2994 estque
697 2916 919 2991 antiquissimus
941 2911 1041 2976 Eccle-

94 2993 152 3054 siae
166 2996 256 3067 ritus,
281 3003 322 3058 nt·
337 3016 453 3067 manns,
476 3013 554 3074 qnae
570 3003 686 3058 lantum
699 2998 851 3073 contigere
866 2997 976 3058 debent
989 2995 1044 3056 Sa·

93 3082 304 3146 aramentum,
329 3081 413 3157 prius
435 3079 583 3141 laventur.
600 3078 802 3160 llludputem
824 3079 882 3140 hoc
904 3079 971 3139 loco
993 3076 1044 3138 ad·

95 3159 276 3223 monendum
297 3167 367 3230 est,
391 3163 532 3224 lotionem
561 3161 735 3240 hujusmodi
757 3157 820 3236 jam
842 3179 900 3220 nnn
931 3159 1045 3224 debere

95 3250 158 3301 esse
177 3241 426 3320 superficialem,
453 3244 507 3313 sed
527 3247 728 3316 accuratam,
759 3243 800 3304 ita
832 3247 868 3304 ut
889 3243 992 3304 sordes
1014 3241 1045 3302 in

97 3323 229 3384 manibus
243 3325 367 3386 minime
381 3331 555 3403 appareant.
578 3321 796 3402 Explicandum
811 3342 889 3386 nune
909 3330 956 3386 est
987 3341 1046 3401 quo

98 3400 268 3468 indumenta
291 3412 414 3470 ornatus
434 3407 524 3470 debet
543 3405 690 3468 Sacerdos
711 3404 934 3468 Eucharistiam
961 3412 1047 3466 extra

96 3481 220 3550 Missam
240 3489 470 3550 administrare:
497 3487 712 3569 superpelliceo
734 3487 880 3562 indatus,
904 3506 940 3550 ac
962 3486 1050 3550 desa-

101 3585 151 3646 per
173 3568 257 3633 Stolo
278 3572 384 3633 colaris
401 3567 502 3654 Officio
523 3571 604 3635 illias
625 3569 686 3634 diei
707 3569 915 3642 coacenieatc's,
939 3571 982 3632 ait
1003 3569 1052 3650 itt

234 3669 294 3723 vol.
314 3671 337 3723 1.
875 3667 911 3722 21
