2567 4042
582 199 642 262 eset
663 190 725 250 3⁰6
745 198 806 259 aa·

220 317 333 379 Eccles.
358 317 431 396 Cap.
457 318 565 379 XXVl
587 337 616 376 v.
641 319 682 378 90
703 320 751 380 bis
773 320 954 396 exprimitur
976 320 1098 379 verbis:
1125 315 1178 376 Si·

220 412 269 462 rut
296 397 516 462 cinnamomum
543 411 570 459 et
591 401 767 461 Baisamum
791 403 1020 470 aromatizans,
1051 400 1176 459 odorem
1278 434 1280 479 ι

206 480 291 542 -dedi
318 491 450 543 eivers
475 483 513 542 21
542 481 639 558 (irrasi
660 483 836 543 Baisamum
861 501 923 541 non
943 485 1076 544 mistum
1098 481 1179 540 odor
1278 486 1279 493 ’

220 583 312 625 meus.
327 563 446 626 Etenim
469 584 505 625 ex
521 565 649 625 Balsami
670 565 762 626 odore
786 566 941 625 addiscere
964 568 1035 625 satis
1050 568 1175 640 possunt

209 645 324 706 tideles
346 645 547 715 Confirmati,
571 649 627 706 sibi
651 648 742 707 licere
764 664 833 707 curn
858 647 1000 724 Apostolo
1022 647 1121 706 dicere
1143 642 1174 704 11
1278 671 1280 687 ι

124 765 136 788 ι
224 731 294 793 Cor.
318 747 346 789 v.
374 729 412 789 15
437 729 550 790 Christi
570 731 665 789 bonus
685 729 757 788 odor
776 747 888 788 sumus.

263 809 315 869 lV.
328 811 561 887 Progrediamur
577 829 654 871 nunc
669 812 706 870 ad
720 811 949 870 examinandam
961 809 1089 868 Balsami
1107 825 1176 883 spe·

222 894 310 953 ciem.
336 893 525 957 Baisamum.
550 895 651 969 itaque
671 891 795 952 Graecis
817 897 999 962 Βὰλσαμιι,
1023 892 1101 968 quod
1133 892 1172 948 ad

211 973 286 1051 ‚ejus
309 981 431 1050 etymon
453 981 579 1070 spectat,
604 992 673 1034 eum
695 973 841 1034 elrrdaea
863 981 986 1034 exterae
1007 977 1133 1068 gentes
1123 991 1173 1031 ae·

223 1057 357 1132 ceperint
384 1074 442 1114 non
471 1054 607 1132 displicet
629 1056 734 1116 Joauni
757 1054 893 1116 Gerardo
917 1055 1059 1114 Vossio'
1051 1075 1080 1112 m
1107 1051 1174 1130 ejus

208 1137 430 1215 ·Etymologico
453 1140 494 1197 sic
510 1140 547 1197 ob
564 1140 774 1216 praestantiam
792 1138 892 1197 vocari
915 1155 999 1214 quaer
993 1135 1170 1212 Princeps,

222 1237 274 1282 seu
296 1219 446 1279 Dominus
467 1217 542 1280 Olet.
567 1220 634 1280 llue
656 1229 758 1281 autem
781 1222 900 1280 nomine
924 1224 1049 1278 vocatur
1070 1218 1170 1282 arbor,

210 1299 309 1378 -eujus
332 1319 439 1363 succus
462 1304 669 1382 opobalsamon
690 1303 820 1370 dicitur,
850 1319 953 1360 succus
974 1318 1094 1375 nempe,
1119 1315 1173 1360 sen

211 1384 400 1462 depessulat,
425 1386 616 1462 componitur
637 1385 717 1443 euim
740 1403 777 1442 ex
792 1389 875 1451 Oros,
902 1385 977 1442 idest
998 1400 1101 1441 succus
1123 1383 1173 1440 bu·

223 1484 289 1524 mor
300 1474 330 1526 et
342 1471 509 1536 Βαλσαμον,
526 1467 605 1544 quod
622 1467 702 1527 illam
719 1466 1059 1540 arbusculam‘designat
1074 1465 1173 1540 ipsum

223 1545 352 1608 Balsami
374 1565 496 1608 succum
521 1549 749 1624 producentem,
768 1567 845 1624 quae
868 1548 1039 1615 arbuscula,
1064 1563 1115 1604 seu
1137 1544 1172 1602 li·
1272 1562 1276 1575 ·

224 1647 314 1704 guum
339 1629 468 1688 Balsami
491 1630 718 1689 Xilobalsamon
746 1630 914 1704 adpellatur
942 1636 977 1688 ut
999 1628 1120 1687 Servius
1141 1627 1173 1684 et

208 1710 360 1775 ‘Isidorus
381 1717 512 1770 monent.
536 1709 621 1770 Haec
646 1713 746 1789 planta
773 1713 843 1771 olim
867 1717 982 1771 tantum
1010 1711 1039 1766 in
1061 1707 1173 1767 tudaea

227 1793 353 1865 reperiri
377 1793 567 1860 credebatur,
593 1792 898 1861 trtsrribitPlinius‚
924 1793 988 1852 Lib.
1014 1787 1171 1865 Xllssap.

227 1871 329 1932 XXV
347 1871 412 1932 Non
435 1875 522 1934 aliter
544 1875 681 1936 scribunt
702 1878 792 1936 etiam
816 1865 1005 1936 Dioscorides
1026 1878 1057 1932 et
1076 1870 1175 1930 Theo-

224 1953 374 2030 pbrastus.
399 1942 552 2018 Praelatis
574 1955 705 2018 iudaeae
729 1957 858 2017 Balsami
880 1959 1023 2035 plantas,
1051 1973 1088 2013 ex
1110 1953 1175 2029 qui-

223 2038 278 2097 bus
306 2054 437 2108 verum,
469 2046 498 2100 et
526 2041 673 2116 optimum
697 2041 869 2100 Baisamum
891 2038 1004 2099 lluebat
1029 2036 1174 2097 extinctas

223 2136 289 2179 esse
313 2120 350 2178 ob
373 2119 541 2194 Jerusalem
564 2122 705 2189 excidia,
735 2128 895 2198 propterea
917 2119 1022 2180 nullibi
1045 2117 1174 2196 amplius

223 2208 338 2271 extare,
363 2221 420 2262 non
445 2204 542 2280 pauci,
568 2205 619 2278 qui
642 2203 679 2261 de
695 2203 832 2262 Balsamo
854 2204 999 2264 scribunt
1017 2199 1175 2260 ostendere

224 2290 382 2354 conantur,
408 2285 484 2343 inter
501 2302 582 2364 qaros
605 2287 783 2361 praesertim
800 2285 926 2346 limatus
947 2283 1119 2351 lusitanus,
1144 2286 1176 2340 et

222 2363 364 2423 Nicotaus
387 2359 550 2425 Moraudus
572 2363 737 2462 Hispanus.
769 2365 921 2444 Quidquid
949 2371 1050 2425 autem
1079 2365 1117 2422 sit
1138 2362 1174 2421 de

223 2446 286 2515 bis,
305 2463 380 2540 quae
402 2447 461 2506 huc
478 2465 574 2523 usque
590 2449 777 2526 scripsimus,
795 2455 910 2510 eertum
927 2451 972 2506 est
992 2453 1096 2523 postea
1111 2444 1176 2522 plu·

223 2526 336 2586 ribus
329 2545 357 2585 ιιι
373 2525 464 2588 Orbis
481 2529 614 2606 partibus
637 2535 774 2609 repertas
790 2530 881 2592 luisse
897 2529 1024 2591 Balsami
1047 2529 1173 2620 plautas,
1224 2563 1242 2574 ν

216 2613 256 2668 ἰιι
278 2626 355 2669 nuuc
378 2609 406 2668 iu
429 2615 560 2684 utraque
576 2611 658 2672 ludia
683 2630 739 2671 non
763 2631 872 2689 paucas
894 2610 1032 2681 inseuiri,
1058 2628 1095 2669 ex
1109 2608 1176 2683 qui-

214 2691 281 2749 'bus
304 2689 477 2751 Baisamum
501 2691 591 2760 fluit,
603 2699 633 2754 et
656 2713 693 2754 ex
715 2693 835 2754 ludils
828 2715 856 2755 ιιι
879 2693 1034 2769 Europam
1056 2706 1175 2768 quoque

215 2771 374 2848 praelatas
396 2773 512 2850 planias
534 2775 647 2836 delatas
669 2794 747 2836 esse.

266 2851 304 2912 V.
328 2851 395 2915 Non
418 2874 477 2915 una
500 2864 547 2917 est
574 2857 652 2934 apud
676 2857 821 2918 Doctores
843 2858 988 2918 sententia
1016 2855 1054 2914 de
1075 2833 1174 2914 esseu-

225 2933 289 2994 tiali
312 2939 389 3013 apud
405 2937 527 2999 Latinos
542 2937 784 3000 Confirmatiouis
807 2940 914 3000 forma.
931 2937 990 3010 Qui
1014 2934 1105 3013 hujus
1127 2934 1174 2994 Sa·

217 3021 388 3080 oramenti-
395 3021 580 3080 materiam
572 3041 601 3080 m
625 3023 688 3081 sola
710 3040 852 3082 manuum
877 3020 1064 3098 impositione
1085 3017 1176 3076 collo·
1278 3020 1279 3091 ξ

190 3103 192 3106 ’
224 3107 314 3169 cant,
340 3101 360 3158 il
382 3102 510 3162 formam
540 3103 677 3182 ejusdem
700 3104 889 3163 essentialem
914 3105 1063 3178 reponunt
1089 3099 1118 3157 in
1140 3115 1176 3158 ea

224 3182 359 3243 oratione
382 3202 471 3260 quam
489 3182 656 3262 Episcopus
677 3185 748 3244 dum
771 3203 895 3244 manum
918 3181 1051 3244 extendit
1072 3196 1177 3239 versus

225 3261 488 3330 confirmandosl
474 3265 572 3327 tundit
586 3267 623 3326 ad
639 3267 839 3327 invocandum
855 3265 1001 3344 Spiritum
1014 3262 1173 3330 Sanctum3

225 3343 281 3402 ista
304 3364 376 3406 vero
399 3349 512 3408 verba:
537 3349 628 3426 Sipus
650 3358 678 3409 te
701 3349 844 3445 confirmo
866 3359 904 3414 tr,
918 3364 1000 3426 quae
1021 3342 1177 3418 dicitEpi·

223 3439 334 3502 scopus
357 3429 427 3488 dum
451 3430 565 3490 irontes
588 3429 772 3506 singulorum
801 3431 936 3508 inungit,
966 3427 1002 3487 ad
1026 3425 1176 3501 iutegrita-

223 3509 285 3565 tem
309 3509 499 3571 solummodo
522 3511 738 3573 accidentalem
753 3511 949 3581 Sacrameuti‚
971 3513 1003 3570 et
1023 3507 1060 3567 ad
1082 3503 1175 3584 majo·

222 3603 289 3647 rem
306 3589 457 3652 ellectus
449 3593 540 3670 ipsius
555 3584 802 3670 significatio'nem
817 3596 967 3675 pertinere
969 3589 1171 3652 contendunt.
