2567 4042
515 183 719 253 wilm

517 390 645 454 CAPUT
665 391 720 453 lll.

126 567 177 614 BE
203 568 370 614 scaurlrtro
384 569 540 616 SEROTINO
561 572 624 627 Quo
647 571 978 626 surrecturcsartwn
999 573 1095 618 ANTE·

233 649 321 703 Quat!
335 651 518 698 tenemusne
530 654 707 700 ΕΡΙΒΕΟΡΠΜ
718 654 997 699 CONSEGEAEETUR.

176 796 206 860 1.
221 796 379 870 Quamvis
400 795 605 866 Ecclesiarum
627 800 878 870 Cathedralium,
897 801 963 862 sive
984 800 1098 863 Metro-

131 879 368 958 politaunrum,
392 897 427 940 ac
447 881 700 944 Patriarchalium
722 884 906 961 provisiones
926 883 965 943 ad
989 877 1098 952 Sedent

128 959 348 1038 Apostolicam
371 960 461 1024 hodie
484 967 571 1043 pleno
591 964 661 1043 jure
684 965 852 1041 pertinent,
875 970 908 1024 et
927 965 967 1036 ab
988 961 1107 1025 eadem·
1137 1025 1149 1041 Ι

131 1039 282 1106 Ecclesiis
303 1040 428 1104 Pastore
447 1046 578 1108 viduatis
599 1045 649 1106 vel
670 1048 707 1107 de
729 1062 808 1106 novo
829 1047 1025 1125 providetur,
1048 1042 1098 1102 vel

128 1125 303 1186 electiones
325 1125 364 1186 ab
386 1125 454 1196 illis,
479 1129 587 1206 quibus
609 1147 648 1189 ex
670 1129 828 1206 privilegio
852 1126 933 1200 licet,
956 1125 1099 1188 canonice

133 1207 310 1270 celebratae
331 1203 568 1282 confirmantur;
593 1211 748 1272 sciendum
764 1216 867 1272 nmen
888 1206 1099 1282 illud'est'pri-

127 1304 240 1356 anum,
263 1289 359 1350 electo
381 1285 530 1368 Episcopo
552 1309 569 1352 a
591 1291 690 1359 Clero,
705 1290 794 1369 juxta
814 1296 1025 1370 pervetustum
1040 1285 1098 1346 Eo·

127 1370 251 1432 clesiae
272 1388 390 1432 morem
411 1373 549 1450 pluribus
570 1375 700 1434 saeculis
720 1375 880 1440 usitatum,
896 1375 944 1434 vel
967 1371 1096 1433 aliano-

129 1453 214 1514 -nieis
237 1452 419 1514 secundum·
437 1456 584 1530 sequioris
606 1455 674 1517 aevi
695 1454 907 1534 disciplinam,
931 1452 1099 1516 Electionis

134 1532 305 1596 Decretum
327 1533 430 1596 allerri
450 1537 642 1598 consuevisse
665 1535 1002 1615 ad-hletropolitauum,
1029 1535 1097 1595 eive

135 1615 242 1693 potius
266 1617 404 1682 ,electum
432 1617 529 1693 ipsum
556 1635 618 1679 una
650 1633 723 1678 eum
753 1619 904 1684 nonnullis
934 1617 1096 1679 Ecclesiae

135 1696 326 1767 canonicis,
354 1697 407 1774 qui
428 1695 593 1762 Decretum
619 1700 808 1772 afferebant,
830 1702 949 1762 venisse
965 1742 979 1769 -,
1003 1704 1039 1760 ut
1059 1697 1097 1757 eh

130 1778 249 1840 eodem
271 1785 514 1857 postperectum
537 1782 574 1843 de
595 1783 744 1844 electione
772 1790 803 1844 et
823 1782 886 1842 vita
907 1781 1007 1844 Electi
1028 1794 1100 1841 exa·

135 1859 363 1929 minationem,
388 1865 620 1926 consecrationis
642 1881 754 1926 munus
782 1864 948 1941 acciperet.
971 1863 1007 1922 ld
1027 1879 1099 1946 sane

131 1947 258 2004 constat
284 1961 321 2004 ex
342 1944 434 2004 variis
455 1947 650 2024 scriptoribus
672 1955 703 2009 et
724 1947 858 2022 antiquis
887 1944 1100 2021 manuscriptis

136 2023 242 2084 Libris
255 2023 488 2087 Pontificalibus.
509 2028 628 2090 Morem
648 2045 716 2088 esse
731 2028 903 2104 antiquum,
920 2032 957 2088 ut
977 2023 1100 2087 electio*

138 2107 188 2168 nis
210 2104 375 2169 Decretum
396 2107 434 2168 ad
457 2107 746 2187 Metropolitanum,
770 2126 824 2170 seu
846 2107 1099 2170 Consecratorem

136 2185 328 2266 Episcopum
350 2189 545 2251 deferendum
567 2191 764 2260 scriberetur,
781 2191 891 2250 docent
912 2191 1023 2270 passim
1045 2185 1098 2248 an-

135 2270 219 2346 tiqui
234 2276 373 2332 auctores
388 2276 478 2347 atque
495 2273 570 2334 Aeta
585 2271 800 2334 Conciliorum.
812 2271 981 2350 Antequam
997 2272 1095 2348 ipsum

139 2351 305 2414 Decretum
316 2353 546 2431 Metropolitauo
558 2356 767 2423 exhiberetur,
781 2359 990 2432 pervetustum
1002 2353 1095 2413 etiam

137 2449 262 2494 rnorem
284 2431 393 2505 luisse,
418 2441 452 2494 ut
473 2435 594 2514 abipso
615 2436 848 2513 Metropolitauo
869 2433 1032 2497 nonnullae
1054 2435 1100 2492 iu·

139 2515 361 2592 terrogatioues
388 2517 607 2580 archidiacono
635 2521 801 2581 Decretum
832 2517 908 2578 illud
941 2517 1099 2580 exhibenti

137 2593 269 2666 fierent,
292 2603 440 2660 testantur
460 2601 576 2676 auhqui
597 2601 682 2661 Libri
702 2599 902 2661 Pontiiieales.
924 2600 1097 2677 interroga·

137 2678 242 2740 tiones
263 2675 485 2741 Consecratoris
500 2679 641 2760 Episcopi
662 2683 701 2742 ad
716 2681 985 2752 archidiaconum,
1008 2677 1096 2758 J'uxt't

138 2761 291 2838 temporis
312 2766 343 2822 et
364 2761 569 2823 Ecclesiarum
592 2764 795 2826 diversitatem
817 2765 922 2825 variae
943 2765 1043 2825 eraut.

184 2839 224 2901 ll.
249 2839 317 2902 Non
339 2848 452 2904 temere
473 2841 608 2908 iacienda
627 2842 678 2906 'est
696 2843 839 2922 Episcopi
858 2845 980 2908 electio.
993 2841 1099 2918 Requi

138 2922 223 2984 ritur
243 2924 342 2993 enim,
366 2925 459 2985 nteit
480 2933 597 3000 castus,
623 2927 765 2995 humilis,
790 2927 952 3002 benignus,
967 2926 1099 2986 -oeterls

139 3019 204 3080 que
227 3005 391 3066 virtutibus
411 3013 558 3077 ornatus,
582 3026 618 3069 ac
640 3009 764 3074 scientia
785 3010 957 3068 litterarum
979 3006 1099 3084 praedi-

145 3088 217 3156 tus,
239 3083 327 3163 juxta
348 3089 567 3165 praescriptum
589 3088 835 3156 Pontificalium3
860 3088 912 3150 sed
935 3102 991 3166 age
1013 3103 1101 3146 enar-

146 3182 249 3228 remus
270 3169 419 3238 virtutes,
442 3171 570 3245 quasin
592 3171 731 3248 eligendo
751 3169 899 3248 Episcopo
922 3167 1098 3248 Apostolus,

141 3245 248 3310 Sancti
269 3248 386 3318 Patres,
403 3249 512 3312 Sacrae
533 3251 659 3332 Synodi,
682 3251 764 3312 Libri
787 3251 976 3314 Pontifieales
997 3252 1100 3328 requi·

146 3335 227 3392 runt.
250 3331 352 3392 Prima
375 3337 420 3392 est
441 3333 596 3412 integritas
618 3336 710 3403 vitae,
727 3351 818 3410 quam
841 3335 953 3396 iudicat
971 3332 1102 3411 Aposto-

143 3409 201 3473 lus
223 3412 252 3472 in
274 3409 410 3492 Epistola
431 3416 528 3490 prima
560 3415 598 3476 ad
620 3415 842 3484 Timotheum,
866 3415 940 3494 Cap.
964 3412 1010 3475 ΙΙΙ
1030 3429 1100 3474 euro

145 3494 293 3572 scripsit,
317 3499 458 3574 oportere
481 3515 552 3558 eum
574 3515 641 3558 esse
663 3496 971 3576 irreprehensibilem.
996 3494 1100 3554 Altera

145 3575 244 3640 virtus
266 3581 312 3638 est
332 3578 473 3640 sauctitas
495 3596 626 3649 morum,
651 3578 792 3657 exemplo
813 3578 886 3640 Jesu
906 3575 1040 3642 Christi,
1063 3575 1104 3634 de
