2567 4042
466 208 527 273 w
548 200 608 262 ῑιθθ
628 208 690 270 atero

97 334 289 393 audirentur.
306 332 393 392 iuxta
408 308 553 409 Regulam
565 328 736 393 §.Caesarii
753 348 810 390 non
826 330 924 389 solum
936 328 1060 389 audien·

13 437 26 473 ÷·.
100 418 196 486 tibus,
224 414 276 474 sed
293 413 411 475 Lectori
427 414 496 490 ipsi,
521 420 642 490 propter
659 412 874 491 longitudinem
897 412 1058 473 lectionum

100 498 210 559 sedere
231 496 363 556 licebat:
389 501 420 555 ct
435 496 514 555 mem
529 496 748 571 praescribitur
772 495 801 553 in
816 496 930 571 Regula
946 494 975 553 S.
994 493 1057 552 Au·

13 607 22 660 J:
97 578 217 640 reliani.
246 578 397 655 Quidquid
420 594 494 637 vero
516 578 549 635 in
570 572 704 637 Ecclesia
731 583 850 656 praeter
872 576 1057 653 scripturam

13 689 22 727 ,ς
98 661 224 723 Sacram
241 658 407 737 legebatur,
424 660 462 719 ab
476 656 635 737 Episcopo,
660 662 707 721 vel
723 678 739 719 a
754 659 874 739 Synodo
890 656 1059 735 approban-

13 775 23 811 r:
99 744 174 803 dum
198 747 282 811 erat3
307 741 380 800 nibil
396 746 496 815 autem
511 759 529 799 a
544 740 627 801 lai'cis
641 742 843 816 compositum
866 741 923 817 legi
939 738 1058 815 poterat

13 869 24 893 f,
97 824 189 903 juxta
204 822 370 883 Concilium
386 821 588 883 Laodicenum
603 822 677 883 Can.
696 824 747 884 55:
765 822 848 885 Nihil
863 840 882 882 a
898 820 982 899 plebe
999 818 1058 879 edi·

13 950 18 976 ,
98 918 168 967 tum
189 906 309 984 lcpdtcr
329 905 364 963 io
384 902 530 964 Ecclesia.
547 902 587 963 Et
602 905 724 965 tertium
740 904 994 982 Cartlraginenset
1022 898 1059 961 la

96 990 333 1067 oollae-preces,
357 992 384 1046 et
398 988 547 1046 orationes
562 986 712 1063 tepenter,
739 990 798 1047 uisi
811 988 870 1047 sim
886 988 921 1045 io
935 982 1059 1061 Syoodo
1135 1054 1136 1057 Ἴ

99 1071 294 1149 approbatae.
320 1067 401 1128 inter
422 1066 526 1127 Patres
551 1075 664 1133 autem,
689 1069 738 1145 qui
755 1071 784 1127 in
801 1068 933 1127 Ecclesia
959 1064 994 1123 ad
1010 1082 1056 1125 se-

18 1188 24 1201 ·
101 1152 232 1212 cundum
248 1148 436 1210 Nocturnum
450 1148 636 1225 legebantur,
653 1150 886 1211 adnumerantur
898 1145 1058 1225 SCypria·

13 1270 25 1307 p
101 1251 171 1303 nus,
195 1233 226 1295 S.
244 1233 370 1293 loannes
389 1230 633 1310 Cbrysostomus,
656 1231 688 1292 S.
706 1230 851 1301 Hilarius,
879 1229 910 1289 S.
928 1228 1059 1291 nmbro-
1100 1234 1104 1239 '

20 1355 23 1387 z
99 1316 174 1385 sius,
202 1314 233 1375 S.
252 1314 449 1391 Augustinus,
473 1312 504 1373 S.
522 1309 675 1379 isidorus,
701 1318 732 1373 et
753 1313 785 1373 S.
802 1313 863 1375 Leo
883 1314 973 1388 Papa.
1001 1307 1059 1369 lla·

99 1396 234 1475 dulphus
249 1395 431 1471 Tungrensis
452 1396 494 1455 ait
515 1398 613 1454 aetate
628 1412 682 1455 sua
693 1395 805 1455 Bedam
821 1396 934 1455 Romae
945 1390 1058 1451 lectum

15 1519 26 1559 ,ς
100 1496 161 1538 non
177 1480 280 1547 luisse,
297 1478 348 1537 sed
366 1482 481 1536 tautum
497 1478 527 1536 in
543 1476 661 1553 Augila,
684 1478 714 1538 iu
731 1476 826 1539 Gallia
843 1482 873 1537 et
887 1479 915 1535 iu
931 1474 1059 1535 Germa.-

99 1561 164 1621 nia.
186 1560 262 1621 Cum
277 1558 448 1635 Prophetae
463 1559 663 1636 legebantur,
687 1560 745 1619 dici
761 1558 900 1619 adfinem
917 1556 1033 1617 solebat
1046 1575 1055 1625 3

101 1639 185 1701 Hocc
200 1641 273 1701 dicit
286 1641 445 1711 Dominus,
474 1640 686 1701 conocrlimioi
708 1641 748 1701 od
762 1660 818 1709 ore,
834 1650 859 1700 cl
875 1640 949 1700 solui
964 1636 1055 1705 critis,

13 1723 25 1801 ’ἓ
104 1724 186 1800 quod
201 1721 391 1783 Cartbusiani
407 1724 444 1781 ad
460 1722 538 1783 banc
553 1723 633 1782 diem
649 1726 781 1783 servant.
804 1724 898 1799 Saepe
914 1716 1058 1781 Lectores

102 1803 294 1882 esuperiore
309 1807 387 1875 loco,
405 1809 439 1865 ut
453 1804 568 1865 facilins
582 1804 621 1863 ab
636 1805 782 1865 universis
798 1805 987 1870 audirentur,
1004 1800 1058 1859 Le·

16 1915 18 1922 η
100 1886 216 1946 ctiones
246 1887 482 1964 praelegebant3
513 1884 769 1965 Quixsuppcstum
798 1886 983 1951 ascendunt,
1017 1882 1059 1943 ait

101 1966 268 2028 Concilium
295 1967 584 2029 Laodicenum'Can.
604 1967 643 2027 15
671 1970 715 2029 oet
731 1986 818 2047 saper
833 1965 990 2027 Ambooem
1019 1964 1059 2025 lc·
1101 1978 1103 1986 ’

12 2080 15 2136 2
102 2058 209 2129 pecto,
226 2051 268 2110 ait
280 2048 446 2110 Concilium
460 2048 625 2111 Nicaeuum
641 2049 669 2109 ll
680 2046 753 2112 Can.
765 2049 814 2123 lb,
832 2048 939 2109 Lector
956 2046 1059 2107 lectio·

102 2148 172 2190 uem
198 2133 352 2192 orditurus
383 2132 561 2207 plerumque
582 2131 684 2193 dicere
706 2131 840 2193 solebat:
860 2150 927 2209 porc
948 2138 1055 2187 lecum.

18 2208 23 2218 '
104 2212 252 2287 Quamvis
274 2231 346 2273 suae
361 2213 485 2290 siugulis
510 2214 616 2275 diebus
631 2214 798 2290 assignatae
822 2218 921 2273 essent
942 2210 1060 2269 Lectio·

43 2327 46 2337 ·
103 2310 168 2360 nes,
196 2312 303 2355 nonco
318 2299 406 2354 erant
431 2301 532 2356 lamen
548 2295 821 2365 mododistinctac,
848 2296 898 2369 qui
915 2292 1003 2352 bodie
1030 2290 1058 2347 in
1089 2364 1091 2371 y

102 2377 267 2437 Breviariis
291 2379 459 2438 nostrisesl
474 2378 617 2454 digestus.
645 2377 802 2437 Lectiones
828 2382 928 2436 autem
956 2371 1060 2432 termi-

19 2453 22 2462 ’
103 2458 322 2531 nundinarius
337 2459 394 2519 luit
408 2459 539 2519 modus:
567 2456 725 2534 aliqnando
750 2460 830 2518 enirn
846 2455 971 2515 Praeses
1001 2469 1061 2511 ma·

103 2559 162 2602 nus
187 2538 299 2618 plausu'
318 2540 436 2600 lectioni
457 2539 550 2600 finem
577 2541 766 2619 imperabat,
795 2540 845 2616 q'ui
877 2540 951 2598 ritus
973 2550 1060 2612 prae·

13 2627 19 2674 ἓ
104 2623 211 2682 sertim
241 2623 337 2699 viguit
362 2621 441 2698 apud
465 2620 639 2691 Monachus,
669 2627 744 2683 teste
773 2621 914 2682 Cassiano
940 2617 1007 2677 Lib.
1028 2612 1058 2675 ll

106 2702 180 2780 Cap.
199 2705 249 2763 ll.
277 2702 311 2763 lu
333 2701 501 2762 Turonensi
524 2702 706 2763 §.Martini
736 2703 861 2763 Basilica
884 2702 935 2779 qui
964 2699 1058 2760 choro

106 2792 227 2860 praerat
241 2785 299 2844 alta
315 2802 390 2843 voco
411 2785 571 2856 clamabat:
594 2786 644 2863 foc
659 2785 766 2865 βοωπιςἸ
783 2786 944 2859 statimque
967 2782 1059 2839 lector

15 2891 17 2896 ¹
106 2868 242 2942 parebat.
259 2863 292 2925 lo
308 2865 443 2927 Romana
460 2865 593 2927 Ecclesia
615 2884 683 2927 cum
708 2868 850 2926 lectiones
871 2864 1004 2939 singulae
1027 2859 1062 2920 li·

101 2947 232 3008 'niendae
253 2953 373 3013 essent,
399 2946 522 3007 Diaconi
546 2948 758 3024 praecinebant
784 2945 826 3006 Tu
842 2958 943 3005 colem
959 2942 1061 3003 Domi·

106 3046 151 3097 nc,
176 3031 219 3089 uti
238 3030 420 3089 Benedictus
443 3030 474 3090 S.
491 3028 572 3089 Petri
594 3026 759 3089 Canonicus
781 3034 811 3087 et
832 3027 958 3089 Cencius
975 3042 1062 3101 prae-

13 3161 14 3164 ,
105 3112 242 3171 scribunt
263 3111 293 3169 in
314 3113 375 3170 suis
397 3110 540 3171 Romanis
560 3108 736 3170 Ordinibus.
761 3106 882 3171 Constat
902 3106 1060 3184 praeterea

107 3196 138 3253 iu
160 3194 293 3271 qualibet
314 3190 450 3253 Ecclesia
472 3192 695 3254 lectionarium
719 3193 831 3259 luisse,
865 3208 924 3269 quo
946 3190 1062 3250 Lectio·

106 3293 159 3336 nes
180 3274 409 3335 continebantur
432 3293 486 3351 per
509 3292 621 3335 annum
646 3272 828 3344 recitandae,
850 3274 913 3331 'sive
936 3272 972 3331 ad
994 3270 1061 3330 Mis

12 3396 15 3405 ·
106 3375 193 3428 sam,
214 3359 279 3419 sive
307 3356 343 3416 ad
365 3355 518 3420 Officium.
552 3354 894 3431 smonius‘bpollmans
927 3352 992 3411 Lib.
1019 3350 1060 3413 IV

12 3657 15 3694 l

105 3438 203 3513 Epist.
226 3441 246 3499 7
268 3437 465 3499 Claudianum
488 3437 611 3508 laudat,
635 3437 715 3513 quod
739 3438 881 3498 lectiones
904 3438 933 3495 in
955 3434 1060 3494 Officio

99 3536 160 3597 per
180 3522 249 3581 anni
270 3520 456 3582 curriculum
478 3520 699 3589 distribuisset,
724 3522 754 3577 et
766 3518 912 3597 proprias
934 3535 989 3596 pro
1004 3514 1061 3577 Fe·

13 3597 16 3610 ’
105 3602 162 3662 stis
180 3602 363 3664 solemnibus
384 3600 570 3663 inseruisset.
594 3600 666 3662 lota
687 3604 800 3672 autem,
823 3600 887 3659 sive
908 3600 993 3659 venia
1017 3599 1060 3660 le·
