2567 4042
363 270 371 286 ‚
463 201 524 265 aaut
544 191 604 254 doe
624 198 686 260 ‘daeo

97 323 140 383 dn
162 322 299 384 llituaies
319 320 443 383 Codices
466 322 615 398 probant,
639 339 746 382 verum
769 323 860 382 etiam
896 326 1000 382 uetera
1019 341 1053 382 ac

99 403 269 468 recentiora
289 401 438 482 exempla.
464 403 573 464 Varios
595 404 747 484 psalmoS,
772 421 898 482 preces,
915 403 1060 481 antipho-¹

100 503 154 547 nas
186 486 398 563 orationesque
430 486 524 547 dictas
547 485 618 547 olim
639 485 754 550 luisse,
779 503 836 546 uon
858 482 953 545 modo'
979 485 1054 548 duni

99 573 172 628 actu
194 568 373 645 sepeliretur
395 568 556 629 defunctus
569 610 576 636 ,
591 585 701 629 verum
716 567 809 628 etiam
824 571 982 644 postquam
997 569 1055 628 hu·

100 653 202 711 matus
224 647 346 719 luerat,
370 649 478 711 docent
499 668 553 710 nos
573 650 678 728 plures
693 645 775 708 Libri
790 646 935 708 Ritaales.
952 646 997 708 Ne
1012 652 1056 709 vi-

95 731 209 792 deatur
230 728 382 799 Ecclesia,
405 731 477 791 dum
508 748 564 809 pro
596 749 657 792 uno
690 728 771 790 fideli
803 728 945 790 deiuncto
966 737 1053 800 orat,
1102 747 1111 803 f.

48 819 56 824 “
99 812 237 873 oblivisci
258 813 351 873 ctiam
372 812 522 882 aliorum,
546 813 598 890 qui
615 815 650 873 ‘in
672 809 793 874 Christo
815 811 1054 883 obdormierunt,
1080 810 1103 874 ’ἵ

99 899 168 972 post
189 893 357 972 persolutus
393 896 536 970 exequias
550 896 618 954 xuui
639 892 810 960 defuncto,¹
823 893 929 954 breves
951 911 1057 972 preces
1088 909 1098 945 ί

100 975 200 1038 tundit
223 976 434 1054 praeuncta,
459 976 533 1036 dum
554 976 701 1054 oprimis
724 975 861 1052 exequiis
893 979 1060 1052 revertitur,
1119 1023 1121 1028 .

98 1055 232 1128 Clarus,
257 1075 295 1118 oe
310 1057 404 1120 otiose
426 1075 459 1118 se
481 1056 615 1119 conterat
629 1057 671 1118 adv
681 1055 855 1118 Sacristiam
868 1077 879 1114 τ
893 1061 983 1134 atquc
998 1061 1057 1120 hae

89 1156 207 1218 preces
229 1140 427 1202 terminantur
449 1156 519 1200 cum
541 1141 628 1200 solita
659 1138 803 1200 Oratione
835 1142 986 1200 communi
1009 1139 1059 1202 Fi*

99 1219 222 1282 daiam.

143 1300 199 1362 Vl.
222 1300 343 1379 Operae
363 1304 495 1379 pretium
511 1301 672 1370 ducimus,
698 1303 838 1364 n'onnulia
853 1304 890 1363 de
906 1304 1060 1381 obsequiis

100 1385 226 1454 dicere,
251 1401 328 1460 quae
349 1383 485 1463 Majores
508 1386 600 1444 nostri
624 1383 773 1445 defunctis
794 1387 896 1445 statim
919 1393 986 1460 post
1011 1391 1062 1445 eo'-

99 1484 172 1527 rum
193 1466 310 1526 obitum
333 1467 480 1528 exhihere
503 1471 736 1528 consueverunt.
756 1465 852 1527 Simul
874 1467 953 1526 enim
969 1483 1004 1526 ac
1019 1465 1063 1526 ei-

103 1545 234 1609 llaverat
254 1549 363 1625 aliquis
392 1550 547 1616 animam,
572 1548 682 1608 clausis
714 1547 782 1626 ejus
810 1548 929 1620 oculis,
954 1563 1064 1626 corpus

102 1629 201 1708 ipsius
223 1629 384 1699 lavabant,
409 1630 547 1707 pretiosis
568 1629 728 1708 unguentis
750 1629 922 1690 delibutum
945 1629 1065 1690 condie-

101 1711 199 1779 bant,
222 1712 364 1791 congruis
397 1713 441 1771 ilii
463 1713 650 1771 vestimentis
672 1711 838 1772 induebant
847 1736 869 1782 a
882 1728 917 1770 ac
940 1710 1062 1771 tandem

76 1851 79 1854 ,
100 1793 197 1870 ipsius
218 1794 350 1853 animam
373 1792 446 1854 lusis
467 1793 505 1852 ad
526 1793 624 1854 Deum
647 1785 804 1870 precibus,
822 1792 1006 1870 hymnorum
1030 1797 1062 1854 et

103 1873 290 1954 psalmorum
314 1875 524 1936 decantatione
549 1874 613 1936 Deo
629 1874 892 1941 commendabant.
920 1873 1004 1933 Haec
1024 1883 1062 1933 o}

100 1956 181 2016 mnia
204 1958 308 2033 paucis
330 1957 382 2018 hic
397 1955 629 2018 demonstranda
646 1963 726 2018 sunt.
744 1954 917 2017 Praevaluit
939 1972 1059 2032 semper

99 2038 180 2113 apud
203 2038 390 2100 Christianos
412 2038 572 2116 praeclara
593 2038 645 2098 ilia
667 2039 697 2100 S.
722 2036 884 2114 Augustini
911 2035 1059 2098 sententia

99 2117 166 2178 Lib.
190 2118 204 2179 Ι
226 2119 271 2180 Dc
296 2120 427 2183 Ciuitate
448 2119 505 2180 Dei
525 2116 599 2197 Cap.
625 2119 664 2179 13
693 2117 763 2180 Noa
784 2116 1001 2177 contemnenda
1031 2129 1059 2178 ct
1111 2123 1114 2127 ⁴

100 2200 271 2281 adjicienda
292 2212 349 2262 ea'sc
376 2219 505 2280 corpora
528 2201 766 2278 Defunctoram,
790 2201 979 2277 maximeque
1007 2202 1059 2279 ju-

99 2289 214 2341 storum
236 2290 325 2364 atquc
347 2282 502 2364 fideliam,
545 2283 632 2343 citus
654 2291 809 2360 tamquam
825 2277 948 2359 organis
965 2290 991 2339 ct
1006 2299 1059 2339 aa·
1111 2354 1114 2360 Ι

98 2362 140 2422 sin
153 2361 194 2422 ad
209 2367 310 2426 omnic
325 2382 416 2444 cpcra
429 2366 505 2425 lona
522 2302 650 2424 Ennaton
664 2381 734 2431 acas
750 2371 792 2422 cst
807 2361 952 2442 Spiritus.
969 2357 1057 2424 Certe

97 2441 262 2504 Christiani
284 2447 421 2506 homines
442 2444 510 2523 ejus
541 2448 616 2507 ritus
648 2446 793 2522 originem
817 2461 834 2502 a
855 2441 975 2504 Christo
997 2441 1057 2502 Do-

98 2527 182 2586 mino
204 2527 317 2589 ducere
339 2533 489 2608 possunt,
512 2527 601 2605 cujus
621 2543 745 2587 sacrum
767 2543 875 2602 corpus
889 2544 907 2585 a
921 2524 1054 2602 Josepho

98 2608 138 2668 ab
160 2607 356 2674 Arimathaea
379 2609 516 2670 ablutum
536 2607 651 2680 inisse,
675 2608 808 2668 nonnulli
830 2607 930 2668 Sancti
952 2605 1057 2668 Patres

98 2689 229 2760 docent,
248 2691 326 2753 inter
340 2705 414 2771 quos
428 2690 674 2768 Chrysostomus,
692 2688 902 2750 Theodoretus
925 2695 956 2750 et
982 2685 1056 2766 Epi-

98 2769 238 2849 phanias.
264 2771 353 2835 Extat
375 2772 495 2836 celebre
516 2772 586 2850 ejus
616 2771 691 2832 ritus
722 2773 898 2846 exemplum
921 2771 950 2830 in
972 2770 1060 2831 Actis

99 2852 337 2930 Apostolorum,
359 2854 432 2933 Cap.
451 2853 507 2915 lx.
525 2855 575 2913 uhi
590 2851 738 2912 'l'aihithae
753 2854 910 2929 religiosae
925 2851 1055 2912 feminae

97 2940 227 2995 mortem
251 2936 477 3006 describentes,
494 2935 576 2995 illam
591 2934 766 3014 exprimunt
787 2934 835 2994 his
856 2933 975 2995 uerbis:
993 2931 1054 2992 Fc-

98 3025 181 3077 ctnm
204 3025 245 3078 cst
267 3028 369 3078 autem
389 3023 425 3079 ia
439 3016 540 3078 dictur
554 3017 625 3084 illis,
641 3025 676 3076 nt
689 3015 849 3096 infirmata
870 3023 1053 3083 moreretur,

99 3115 192 3176 quam
204 3116 274 3159 cum
289 3100 437 3168 lavissent,
449 3109 616 3180 posuerant
628 3098 714 3158 illam
730 3100 765 3158 ia
781 3097 949 3157 coenaculo.
967 3092 1056 3157 Eum·

96 3179 284 3242 domnitam
316 3182 508 3242 commendat
539 3180 701 3259 Dionysius
724 3177 944 3240 Alexandrinus
976 3179 1055 3257 apud

97 3257 268 3322 Eusebium
296 3258 362 3324 Lih'.
393 3262 452 3324 Vll
473 3260 623 3324 ffistcrtcc
656 3257 882 3321 Ecclesiasticus
911 3257 983 3337 Cap.
1013 3258 1055 3332 '12

100 3342 152 3404 uhi
175 3344 238 3421 agit
258 3345 296 3405 de
310 3345 551 3407 Christianorum
573 3343 698 3404 caritate
721 3360 794 3420 erga
808 3342 954 3404 extinctos
971 3347 1052 3416 peste
1110 3371 1112 3377 ·

99 3426 130 3484 in
151 3423 273 3487 civitate
295 3425 508 3488 Alexandrina.
523 3425 597 3488 Erat
617 3427 787 3486 communis
809 3423 945 3485 omnium
966 3420 1053 3482 Chri·

50 3571 54 3574 ,
97 3506 267 3570 sticnorum
289 3507 499 3579 caeremonia,
524 3526 601 3586 quae
624 3508 789 3575 innumeris
811 3523 887 3584 pene
909 3504 1054 3582 exemplis

98 3587 222 3666 probari
244 3595 355 3666 posset.

239 3683 297 3738 Vol.
316 3690 338 3740 1.
884 3683 919 3734 tt
