2567 4042
569 172 793 247 emiliae·

208 310 279 368 licet
300 307 378 385 apud
402 305 593 386 Stephanum
621 303 815 375 llurantum,
839 310 870 365 et
896 302 1078 369 Gulielmum
1102 304 1165 369 llu-

207 389 355 457 randum‚
378 396 409 449 ei
430 390 515 451 allos.
543 390 701 452 Crotalem
721 388 793 447 irem
816 404 871 462 pro
892 386 1043 465 Campana
1066 404 1167 452 sume-

211 474 301 532 batur
323 473 402 549 apud
431 472 592 547 antiqn0s3
617 486 724 547 graece
757 474 857 529 autem
877 472 1061 545 -Kpnwtns,
1085 470 1165 547 quod

209 554 301 614 latine
320 553 545 634 Crepitacillum
558 553 733 621 vocitatur,
749 569 765 611 a
782 550 1038 628 erepitudictum.
1059 550 1165 614 Clocco

87 672 93 679 -
207 637 299 697 etlam
322 638 496 714 germanico
517 634 611 694 serbo
626 634 795 712 appellatur
811 632 983 709 Campana.
1009 640 1042 696 nt
1062 634 1166 695 videre

207 705 255 779 eir
275 719 304 777 tn
328 715 550 797 caprulanum
571 706 671 775 caini
691 714 947 792 magnisonum
969 715 1166 793 uem-apper-

206 804 287 861 latur
312 800 492 879 Campona:
513 798 587 863 ltine
611 798 644 874 in,
662 794 829 857 Pontificali
849 796 1012 868 Romano,
1036 798 1162 872 aliisque

206 881 312 961 priscis
328 878 551 941 Pontificatum
562 878 736 939 inscribitur
752 876 889 939 Titulus:
907 879 950 939 De
966 878 1165 940 benedictione

206 964 297 1042 ciprii,
319 963 365 1023 vel
384 962 569 1041 Campanae.
589 960 716 1022 Veteres
737 961 816 1039 eipni
838 960 958 1021 nomine
980 961 1164 1037 Campanam

207 1046 412 1122 metonymice
433 1043 657 1119 intelligebant,
680 1042 761 1118 quod
778 1058 912 1119 peream
936 1042 1023 1103 detur
1042 1045 1164 1119 signum

208 1126 308 1187 Dirini
329 1125 438 1187 Olllcii.
455 1123 606 1202 Campana
626 1125 757 1200 denique
779 1142 796 1183 a
815 1124 983 1201 Campania
998 1124 1100 1186 ltaliae
1115 1142 1164 1187 ro·

209 1211 297 1287 glone
319 1226 429 1269 nomen
452 1206 577 1269 traxisse
599 1207 755 1274 creditur,
778 1207 953 1284 praesertim
969 1212 1090 1283 propter
1111 1224 1164 1269 aes

206 1290 415 1369 Campanum,
438 1291 486 1350 cui
509 1286 621 1349 Plinius
654 1288 784 1363 palmam
802 1286 939 1356 tribuit,
963 1305 1032 1351 oum
1060 1306 1103 1351 ,es
1124 1304 1162 1349 eo

207 1373 304 1442 ollae,
329 1392 365 1434 ac
393 1373 507 1433 lebetes
529 1371 631 1440 aenei,
656 1374 687 1429 et
707 1368 876 1446 Campanae
900 1369 1088 1435 conlleniur:
1109 1387 1164 1431 aee

209 1472 338 1531 namque
359 1454 545 1531 Campanum
561 1452 709 1530 optimum
730 1453 808 1512 inter
830 1452 931 1512 omnia
949 1453 1033 1515 aeris
1053 1468 1161 1529 genera

206 1554 272 1598 esse
295 1541 453 1603 censetur,
477 1540 512 1596 ut
526 1534 717 1595 ait'lsidorus
739 1534 768 1593 in
784 1533 985 1594 decimosexto
1007 1533 1162 1613 Etymulo·

226 1637 336 1679 rarum.
1114 1647 1116 1655 κ

207 1639 224 1697 g
248 1698 288 1760 ll.
312 1700 345 1774 ln
366 1682 471 1759 Veteri
493 1697 685 1757 Testamento
706 1696 784 1772 apud
807 1694 964 1756 Haebreos
986 1694 1019 1756 iit
1048 1696 1159 1757 mentio

208 1783 245 1841 de
261 1780 472 1843 tintinnabulis
487 1797 566 1857 quae
585 1797 622 1839 es
639 1784 798 1857 praecepio
814 1776 866 1837 Dei
881 1796 1013 1856 appensa
1028 1796 1094 1841 esse
1109 1777 1160 1839 de·

208 1864 319 1924 hebent
340 1861 472 1923 vestibus
494 1861 603 1921 summi
619 1858 800 1931 Sacerdotis,
815 1866 849 1920 ut
863 1860 1018 1921 audiretur
1033 1862 1158 1928 sonitus,

208 1944 326 2023 quando
347 1945 538 2021 ingressurus
560 1948 626 2005 erat
641 1942 873 2011 Sanctuarium,
899 1944 940 2004 uii
963 1948 1045 2020 patet
1058 1960 1095 2002 ex
1110 1938 1160 2001 Ca·

208 2028 268 2104 pite
288 2025 431 2087 xxxix
458 2024 567 2086 Exodi.
601 2022 689 2085 Circa
721 2023 867 2101 originem
899 2030 929 2085 et
960 2025 1160 2087 inventionem

207 2111 339 2187 ipsarum
360 2107 529 2170 Guilelmus
551 2106 711 2167 Durandus
726 2106 755 2164 in
771 2105 928 2175 llatlonall,
946 2106 1038 2167 Libro
1049 2106 1159 2183 primo,

208 2192 305 2269 capite
327 2197 445 2269 quarto,
463 2208 544 2249 num.
564 2190 592 2259 1,
609 2185 875 2265 putatCampanas
898 2204 964 2249 esse
982 2206 1053 2249 rasa
1067 2204 1160 2249 aenea

207 2275 238 2333 in
260 2273 331 2333 Nola
359 2274 480 2332 civitate
502 2271 683 2349 Campaniae
711 2269 809 2345 primo
837 2270 966 2330 inventa.
991 2270 1022 2331 Si
1044 2269 1158 2347 ringeln

208 2357 305 2415 llocca
339 2353 428 2415 sulem
460 2352 627 2420 habemns,
652 2350 682 2411 S.
707 2349 931 2431 Hieronymus,
960 2352 1012 2428 qul
1040 2353 1160 2415 ineunte

210 2439 331 2498 saeculo
352 2436 380 2494 V
396 2435 543 2511 decessit,
560 2432 725 2509 Campanas
740 2433 856 2510 primus
871 2434 983 2494 invenit
998 2478 1005 2505 ‚
1020 2434 1159 2495 sedeam

208 2519 381 2597 praeclarus
402 2519 517 2578 Auctor
538 2516 634 2595 Capiti
646 2514 684 2573 31
706 2516 738 2575 ei
754 2513 792 2575 39
807 2515 1012 2577 institutionis
1022 2534 1081 2595 pro
1095 2510 1160 2577 Mo·

208 2601 340 2661 niolitus
351 2600 506 2666 innitatur,
522 2616 600 2674 quae
610 2595 642 2657 S.
656 2594 843 2676 Hieronymo
851 2599 964 2657 “merito
976 2615 1033 2657 non
1050 2597 1161 2659 adseri-

209 2681 310 2753 bitur,
333 2682 402 2741 hinc
424 2679 543 2741 diltlcile
564 2686 611 2741 est
630 2696 697 2738 eam
720 2680 896 2739 sententiam
919 2680 1009 2739 tueri.
1032 2678 1157 2740 Plurimi

208 2762 375 2843 Scriptores
390 2761 521 2823 unanimi
537 2777 683 2821 consensu
698 2758 917 2836 Campanarum
933 2778 1022 2820 usum
1038 2760 1070 2821 S.
1082 2757 1158 2819 Pau-

210 2846 269 2906 lino
291 2844 438 2923 Episcopo
460 2842 754 2908 Nolanotribuunt,
776 2842 826 2917 qui
850 2843 929 2901 eirca
944 2842 1077 2903 medium
1093 2858 1158 2901 see·

209 2930 310 2989 culum
334 2925 361 2986 V
382 2927 443 2985 vita
463 2925 621 2986 defunctus
652 2928 708 2985 est.
733 2921 847 2983 Verum
870 2923 900 2985 S.
923 2922 1064 2985 Paulinus
1085 2922 1158 2984 nihil

209 3010 247 3069 ne
268 3007 437 3085 Campanis,
455 3024 553 3083 neque
573 3008 611 3067 de
626 3006 714 3067 anri
729 3004 928 3081 Campsncria
943 3012 1160 3067 commemorat

208 3092 342 3168 Epistola
364 3087 424 3149 xli
440 3090 475 3150 ad
493 3088 651 3157 Severum,
669 3090 698 3146 in
720 3104 779 3163 qua
794 3084 1159 3163 singillatimEcclesiarn,

208 3188 297 3250 quam
319 3190 337 3231 a
359 3169 558 3231 fundamentis
573 3173 757 3236 extruxerat,
769 3166 898 3245 ejusque
913 3170 1045 3245 singulas
1061 3175 1161 3248 partes

208 3254 348 3397 titt:
367 3251 716 3413 illittllttlt
736 3247 934 3412 liniti&
956 3250 1160 3393 illisit

207 3415 416 3497 Pontificibus:
436 3415 621 3482 Clacconius.
640 3412 749 3489 aliique
772 3412 895 3492 plurimi
915 3414 953 3475 ad
967 3412 1158 3477 Sabinianum

206 3497 383 3562 Pontificem
409 3498 628 3576 Campanarnm
653 3513 739 3557 usum
763 3495 860 3572 primo
882 3494 1025 3566 relerunt,
1043 3497 1094 3573 qrrl
1110 3496 1160 3557 lni-

208 3581 249 3641 iio
271 3580 388 3645 Saeculi
412 3579 470 3641 Vll
500 3578 615 3641 Summi
637 3574 787 3638 Pontificls
808 3578 981 3658 dignitatem
1007 3578 1158 3649 obtimlts
