2567 4042
366 284 521 376 LIBER
546 296 765 394 QUINTUS
831 309 844 338 ·

286 519 333 566 un
359 519 521 580 nxsnuus
548 520 592 572 cr
619 520 849 573 succurums.

494 725 591 732 n--u-
599 727 624 732 ..-
629 727 640 732 ..

480 1231 605 1293 CAPUT
628 1232 651 1289 l.
734 1239 741 1254 ·

421 1431 426 1484 f
454 1413 495 1456 nrr
518 1413 673 1468 eunucus.

127 1555 157 1614 l.
179 1557 231 1616 Ab
248 1558 312 1634 ipso
333 1554 484 1619 Ecclesiae
501 1556 539 1640 (1)
556 1549 679 1619 exordio
703 1559 834 1638 majores
857 1560 949 1618 nostri
972 1577 1037 1620 cer·

89 1636 121 1694 tis
140 1644 173 1700 et
192 1639 280 1736 statis
303 1639 408 1701 ritibus
430 1657 554 1717 corpora
575 1639 837 1711 Christianorum,
869 1644 903 1700 ut
923 1640 1038 1703 anima-

89 1734 149 1780 rum
174 1721 328 1782 domicilia
354 1725 383 1781 et
398 1724 508 1801 templa
538 1720 670 1800 Spiritus
697 1719 820 1788 Sancti,
843 1723 962 1800 sepeliri
983 1723 1038 1783 do-

87 1801 229 1874 cuerunt,
255 1821 420 1879 eorumque
442 1806 630 1880 sepulturam
646 1803 972 1892 corrgruisnhonoribus
993 1824 1039 1866 or-

90 1890 202 1944 narunt.
226 1883 438 1947 Pervetustum
461 1886 614 1947 Ecclesiae
635 1888 729 1946 ritum
750 1886 851 1946 laudat
865 1887 942 1948 inter
964 1887 1037 1948 alios

88 1961 231 2042 Origenes
254 1969 304 2044 qui
326 1967 416 2028 libro
436 1967 508 2028 Vlll
530 1973 632 2028 contra
654 1965 774 2028 Celsum
797 1967 839 2026 sio
862 1968 914 2028 ait:
938 1965 1037 2030 Ratio-

89 2047 209 2108 nutitem
231 2050 367 2108 animum
387 2050 535 2109 honorare
556 2049 739 2120 didicimus,
764 2057 790 2107 ot
815 2050 904 2130 liujus
923 2068 1038 2128 orponu

87 2131 233 2203 sepulchro
255 2130 414 2210 honorifice
436 2130 628 2192 demandare.
654 2129 742 2191 Plura
770 2130 806 2190 de
837 2131 894 2190 hoc
917 2131 1034 2208 pietatis

87 2209 178 2271 officio
202 2214 329 2280 mortuis
351 2214 547 2290 impendendo
569 2213 662 2273 habet
683 2211 713 2272 S.
738 2213 923 2290 Augustinus
945 2213 974 2271 in
992 2215 1034 2271 Li·

89 2288 158 2352 tro:
183 2294 227 2354 De
249 2313 325 2355 curo
342 2315 398 2373 pro
413 2297 561 2366 mortuis,·
577 2297 709 2369 itemque
725 2295 864 2356 Sermone
888 2290 1031 2354 CLXXll

88 2370 126 2430 lle
146 2379 242 2438 cerlis
256 2376 397 2457 Apostoli.
414 2378 517 2451 Quum
532 2395 588 2437 non
603 2395 709 2437 omnes
725 2377 810 2454 plane
828 2376 963 2437 homines
979 2395 1035 2436 eo-

89 2455 149 2514 dem
164 2460 270 2520 mortis
290 2477 401 2536 genere
422 2459 533 2519 obeant
553 2460 634 2523 hinc,
653 2464 733 2519 recte
756 2459 861 2519 statuit
884 2455 1028 2528 Rituale,

89 2545 116 2594 ut
129 2541 246 2602 mltum
261 2560 367 2621 corpus
380 2541 550 2618 sepeliatur,
563 2543 743 2618 praesertim
764 2541 791 2599 si
806 2558 883 2600 mors
905 2542 1029 2622 repenti·

90 2634 124 2675 oa
145 2618 258 2697 fuerit,
283 2623 343 2682 oiri
358 2633 426 2700 post
447 2621 577 2684 delitum
598 2623 740 2702 temporis
763 2621 976 2692 interuallum,
1000 2631 1033 2684 ut

90 2700 182 2764 nullus
203 2705 325 2764 omnino
351 2705 386 2763 dr
415 2708 509 2764 morto
534 2705 727 2783 rdippuctur
756 2702 916 2764 dubitandi
937 2705 1030 2766 loeus.

89 2778 256 2847 Communis
277 2786 367 2846 hodie
381 2787 481 2864 praxis
507 2787 614 2846 merito
641 2786 786 2855 invaluit,
801 2783 836 2845 ut
858 2787 948 2849 etiam
979 2788 1032 2862 qui

91 2878 139 2923 non
158 2868 312 2947 repentine
326 2868 508 2937 moriuntur,
525 2866 719 2945 sepeliantur,
737 2868 872 2928 absoluta
893 2867 968 2927 hore
989 2867 1033 2925 vi-

90 2948 192 3017 gesima
212 2954 331 3028 quarta3
355 2955 510 3026 praeterea
531 2957 566 3011 ut
580 2948 683 3018 Missa,
701 2967 769 3010 cum
792 2950 904 3010 mortui
925 2966 1032 3026 corpus

91 3031 242 3102 sepelitur,
265 3031 385 3107 quaudo
406 3033 518 3092 scilicet
533 3031 691 3091 commode
714 3029 780 3092 fieri
801 3036 906 3108 potest,
924 3047 978 3108 pro
992 3047 1029 3100 eo
1072 3047 1078 3064 ·

92 3107 130 3180 pic
144 3114 335 3186 celebretur3
360 3115 430 3190 qrria
453 3115 597 3173 nimirum
612 3114 641 3174 id
664 3117 696 3173 el
716 3111 871 3174 Canonum
893 3111 974 3191 jure,
1001 3117 1032 3173 el
1138 3133 1141 3140 ·

91 3204 231 3257 sacrorum
254 3195 368 3256 rituum
391 3194 488 3255 Libris
509 3199 632 3256 cautum
655 3200 724 3258 est,
749 3199 783 3255 ut
809 3195 919 3255 diserte
941 3195 1032 3254 edicit

92 3265 204 3339 Sanetus
219 3276 346 3340 Carolus
362 3279 391 3336 in
406 3276 537 3338 Concilio
551 3276 730 3366 Provinciali
747 3274 788 3336 Vl
804 3275 1027 3345 Mediolanensi,

123 3430 152 3493 (1)
170 3429 341 3499 spondanus,
361 3433 404 3483 De'
419 3430 709 3490 Suorirdoemeteriis,
727 3433 792 3498 Cap.
813 3434 823 3481 1
842 3439 868 3480 et
886 3443 961 3498 scorp
979 3433 1026 3484 Ca-

96 3495 300 3624 :fiff'rffussrh
313 3501 464 3552 Romanum
478 3498 682 3552 commentatitio
698 3499 879 3563 illustratum,
900 3500 939 3548 lie
958 3499 1026 3552 liar·
