2567 4042
590 207 818 283 «milbu-

221 356 290 404 eum
305 339 469 403 Cardinnlis
484 341 564 401 Bnna
586 341 616 400 in
632 341 715 402 libris
729 343 768 403 ‹le
783 341 888 404 dirim
904 338 1090 406 Prclmcdio.
1114 338 1175 400 abi·

221 441 280 502 qne
302 423 414 501 plnres.
439 423 483 483 Dc
498 423 614 502 hymnis
635 434 663 483 ct
681 425 805 504 psalmis
826 423 980 488 canendis,
996 423 1095 499 inquit
1116 421 1176 484 Au·
1254 454 1255 463 κ

220 505 358 584 gustinus
378 504 475 583 Epist.
502 502 561 564 119
582 507 676 582 ipsios
691 505 814 566 Domini
830 516 856 565 ct
873 504 1077 584 apostoloram
1090 504 1175 564 bobo·
1254 500 1255 509 ’

218 605 285 648 mss
301 587 479 647 documento
494 597 520 646 cl
542 588 680 668 exempla
700 597 728 647 et
746 600 918 668 praecepto.
941 588 1045 648 Sedet
1064 584 1176 648 Plinius
1254 626 1255 631 .

220 668 357 730 ethnicus
379 669 506 746 scriptor
527 669 564 728 de
578 674 668 730 cantu
690 671 858 747 primorum
873 669 1112 731 Christianorum
1134 674 1176 728 tc·
1254 734 1255 737 Ἴ

219 751 392 812 stimonium
415 751 569 828 perhibuit
591 753 619 810 in
635 749 769 828 Epistola
791 752 827 812 ad
843 751 1018 829 Traianum,
1042 767 1103 826 oua
1123 765 1175 810 eo·

218 850 288 893 rum
313 851 412 912 mores
434 833 603 894 describens
624 833 684 892 ait:
707 836 811 894 solitos
831 835 1010 914 [dimensio
1033 831 1083 890 dic
1105 840 1173 891 onte

218 917 313 977 lucem
327 915 496 982 conuenire,
521 923 549 973 ct
563 934 685 974 carmen
702 915 819 978 Christo
835 916 922 995 quasi
936 915 996 975 Deo
1012 915 1107 974 dicere
1128 931 1172 972 sc·

219 1015 288 1057 conr
302 997 430 1058 innocen
444 1000 562 1057 alterno
578 997 714 1058 videlicet
729 997 941 1061 modulatione.
957 999 989 1058 S.
1005 996 1175 1074 Gregorius

218 1079 356 1157 ldagnus,
381 1084 415 1139 ut
435 1095 540 1139 omnes
562 1085 682 1141 norunt.
706 1087 826 1140 tantum
849 1079 970 1156 pianum
993 1080 1021 1137 in
1037 1075 1173 1138 Ecclesia

217 1157 354 1221 Romana
366 1161 502 1228 instituit,
516 1162 626 1238 quique
639 1163 669 1219 in
680 1161 788 1222 divinis
803 1163 974 1221 ministeriis
985 1167 1111 1220 canuto
1125 1159 1173 1219 de·

218 1242 325 1304 berent
346 1243 375 1301 in
390 1240 510 1320 Synndo
525 1242 659 1304 Romana
681 1243 720 1303 Α.
739 1243 776 1302 u.
792 1243 1028 1304 bllbconstituit.
1047 1240 1172 1319 Insignis

216 1331 266 1386 cst
280 1343 314 1385 ea
330 1325 366 1386 de
379 1342 410 1384 re
422 1325 452 1386 S.
461 1323 597 1402 Gregorii
611 1325 742 1400 Epistola
757 1324 855 1386 XLlV
867 1324 933 1385 Lib.
948 1323 1003 1384 lv.
1016 1325 1085 1400 lpse
1099 1339 1174 1400 qno·

219 1425 278 1484 que
292 1404 489 1485 §.Gregorius
500 1405 666 1484 Collegium
677 1406 841 1468 Cantorum
853 1409 881 1466 in
892 1407 1026 1468 Ecclesia
1039 1405 1175 1466 Romana

219 1491 358 1560 instituit,
383 1490 463 1566 quod
486 1489 590 1551 Selicio
618 1489 788 1552 Castorum
809 1496 950 1551 vocaturn
972 1493 1029 1548 est.
1057 1485 1174 1547 Exinde

218 1568 373 1632 Romanus
394 1577 500 1633 cantus
521 1572 560 1631 ab
575 1569 640 1648 ejus
657 1573 829 1632 restitutore
852 1570 1056 1648 Gregorianus
1077 1567 1177 1647 appel

219 1659 322 1720 tatus,
357 1667 553 1729 peromnem
587 1653 684 1714 lerme
712 1651 864 1731 Europam
895 1652 1030 1731 protendi
1064 1651 1174 1727 coepit.

219 1732 286 1812 lpao
307 1732 454 1811 Gregorio
475 1736 575 1796 adbuc
596 1737 775 1810 superstite,
800 1736 831 1799 S.
857 1734 1042 1810 Augustinus
1064 1732 1176 1810 buglo-

218 1833 288 1876 rum
311 1818 490 1894 Apostolus.
514 1819 538 1877 sl
561 1816 663 1896 loanni
687 1814 817 1877 Diacono
839 1818 867 1876 in
888 1817 958 1877 Vita
980 1815 1011 1875 S.
1034 1810 1174 1890 Gregorii

217 1896 284 1959 Lib.
302 1898 329 1959 ll
351 1897 423 1976 Cap.
444 1897 499 1958 Vll
521 1898 594 1960 lidos
616 1906 662 1960 est
684 1899 830 1967 habenda,
854 1901 884 1958 in
905 1898 1092 1959 Britanniam
1112 1896 1171 1955 lio·

217 1997 341 2041 manium
365 1986 486 2041 cantum
504 1981 630 2042 induxit.
655 1980 781 2059 lnsnper
795 1981 897 2059 Pipino
910 1984 1040 2059 petente,
1063 1983 1169 2039 motus

217 2059 372 2124 liomanns
400 2064 428 2122 in
451 2060 562 2124 Gallias
585 2065 740 2124 derivatus
761 2071 832 2135 est,
867 2066 1016 2124 annuente
1044 2059 1138 2122 Paulo
1154 2056 1172 2117 l

218 2143 354 2206 Romano
377 2143 529 2217 Pontifice,
553 2147 604 2221 qui
627 2147 704 2205 datis
725 2146 762 2205 ad
785 2144 920 2222 Pipinum
942 2143 1061 2210 litteris,
1086 2137 1172 2202 Anti·

214 2226 343 2302 plionnle
365 2233 396 2288 et
418 2225 594 2306 Responsnlc
616 2229 723 2289 misit:
754 2245 789 2287 ac
810 2228 914 2304 Pipino
936 2231 1084 2304 rogante.
1109 2239 1175 2282 mo-

220 2309 331 2368 nachos
353 2310 487 2371 incentu
508 2311 642 2370 Romano
665 2329 720 2387 per
733 2310 902 2370 Simeonem
918 2307 1045 2367 Scbolac
1066 2305 1181 2366 Canto·-

218 2407 287 2450 rum
309 2392 440 2468 priorem
462 2391 632 2454 edocendos
653 2393 782 2459 curavit,
805 2399 840 2451 ut
861 2394 923 2466 ipse
945 2388 1056 2448 Paulus
1070 2385 1171 2446 Ponti·

217 2471 267 2532 icx
289 2472 378 2534 tradit
399 2474 428 2533 in
444 2476 569 2552 epistola
592 2476 628 2534 ad
644 2475 786 2536 eumdem
801 2473 937 2551 Pipinum
951 2471 990 2530 ll.
1015 2470 1062 2528 Aa
1076 2467 1173 2544 Sebo-

218 2552 278 2613 lam
300 2573 352 2616 sen
375 2553 541 2634 Collegium
563 2557 725 2618 Cantnrum
749 2555 900 2615 Romanae
922 2552 1078 2613 Ecclesiae
1099 2565 1170 2612 con·

218 2638 361 2696 vertenda
384 2645 432 2699 est
453 2641 559 2698 oratio.
583 2635 687 2699 Cercar
710 2639 746 2698 iis
767 2639 885 2712 regulas
905 2635 987 2695 dedit
1007 2633 1038 2693 S.
1055 2632 1170 2710 Grego-

217 2719 283 2778 rius
303 2721 341 2782 A.
367 2718 404 2778 D.
428 2719 513 2789 595,
547 2723 711 2798 statuitque
734 2725 768 2780 ut
788 2737 824 2779 ex
848 2718 951 2778 ordine
972 2715 1171 2777 subdiacono·
1252 2725 1256 2730 ’

219 2816 287 2860 rum
303 2808 411 2862 essent.
430 2800 547 2864 Primus
560 2801 651 2880 bnjns
663 2801 780 2878 collegii
796 2798 1000 2866 Primicerius,
1016 2815 1071 2856 acu
1084 2795 1172 2856 Prior

218 2881 339 2944 Sclolcc
361 2885 390 2943 in
413 2885 541 2960 antiquis
563 2886 766 2946 monumentis
790 2881 969 2960 appellatur.
1002 2878 1172 2940 Primicerii

218 2981 326 3026 munus
341 2970 418 3036 erat,
442 2967 575 3026 ordinem
592 2966 735 3043 psallendi
760 2966 788 3025 in
803 2965 897 3024 cboro
912 2981 967 3040 pro
981 2963 1171 3022 solemnitate

203 3045 335 3129 ¹dierum
352 3046 529 3125 praefigere,
554 3054 584 3109 et
599 3049 770 3126 Acolylbis‚
795 3045 969 3113 Erorcistis,
992 3041 1167 3110 Psalmistis,

217 3133 309 3206 atque
331 3129 505 3191 Lectoribns
528 3149 660 3206 praesse.
688 3130 882 3190 Primicerius
902 3128 1030 3189 Scholae
1061 3127 1168 3188 Canto·

216 3228 285 3272 rum
308 3212 466 3290 episcopali
483 3213 624 3286 dignitate
648 3212 807 3288 aliquando
830 3211 985 3286 insignitus
997 3207 1065 3268 luit.
1090 3206 1168 3266 Non·

217 3293 291 3354 nulli
313 3293 475 3354 Primicerii
499 3295 536 3357 ab
553 3295 671 3355 andrea
689 3294 805 3354 Adamo
827 3297 1032 3360 recensentur,
1050 3288 1168 3368 Episco-

217 3375 333 3452 palibns
354 3376 455 3436 iniulis
487 3377 596 3437 ornati.
621 3377 752 3454 Longius
782 3393 871 3452 qnam
905 3391 958 3451 par
980 3377 1061 3432 esset
1082 3387 1169 3449 raga-

217 3471 280 3523 rer,
304 3456 328 3514 si
345 3459 428 3516 varia
449 3457 486 3518 de
508 3464 599 3518 cantu
621 3458 835 3525 eeclesiastico,
860 3474 894 3516 ac
916 3456 954 3514 de
975 3455 1011 3512 iis
1031 3456 1084 3530 qui
1106 3469 1169 3512 me·

220 3534 268 3593 dia
290 3541 386 3597 aetate
408 3538 445 3596 do
466 3558 502 3598 eo
524 3546 667 3616 egerunt,
692 3540 720 3598 in
745 3540 877 3599 medium
900 3537 1051 3598 afferrem.
1086 3533 1166 3594 Unus

218 3615 295 3675 inter
324 3636 427 3678 omnes
459 3621 637 3690 excelluisse
668 3622 725 3682 bae
747 3627 812 3682 arto
843 3619 954 3680 dicitur
973 3614 1072 3677 Guido
1093 3616 1167 3676 Are·
