2567 4042
471 171 531 238 *b
552 161 695 235 32⁷&-

100 291 250 361 instituta,
274 307 328 350 seu
351 291 424 354 alios
440 292 504 368 pios
526 289 758 358 Christitideles‚
781 291 834 369 qui
856 305 972 352 sacram
994 290 1058 352 Eu-

100 373 277 434 charistiam
301 389 369 434 oum
395 376 490 436 cereis
512 375 719 443 comitentur,
743 379 775 434 et
796 373 978 444 umbellam,
1001 391 1058 434 seu

104 455 318 519 baldachinum
341 455 485 518 delerant.
509 454 633 518 Praeter
654 461 874 533 competentem
896 473 1056 517 cereorum

103 543 290 607 numerum,
315 539 424 614 quibus
444 538 607 601 deserenda
627 544 675 600 est
694 537 884 600 Eucharistiae
916 539 952 598 ad
975 535 1058 597 infir·

102 617 209 690 mum,
234 624 363 697 quatuor
385 621 480 680 etiam
498 637 640 682 accensas
673 619 823 681 lanternas
854 620 934 679 eirca
955 619 1060 680 Sacer·

101 704 204 770 dotem
226 703 453 764 Sacramentum
479 709 644 780 gestantem
673 701 783 764 deierri
812 707 976 778 oportere,
998 705 1059 760 sta-

103 787 161 846 tuit
181 785 304 867 quidem
326 785 505 846 Benedictus
521 785 600 862 Papa
616 783 722 846 Xlll
715 804 745 846 ιιι
760 783 892 847 Concilio
907 782 1057 847 Romane
1069 795 1075 807 ·

100 864 204 940 Quum
226 885 263 928 ex
285 867 485 945 complurium
507 865 707 930 Conciliorum
730 848 889 936 Decretis,
914 883 950 929 ac
971 882 1058 946 prae·

101 951 207 1010 sertim
230 967 267 1008 ex
290 948 439 1010 Decrethli
460 946 586 1014 Honorii
608 949 707 1027 Papae
728 947 801 1010 lll
791 967 823 1008 ιιι
843 945 969 1025 Capite,
1003 946 1056 1007 Sia

101 1049 161 1102 ne,
186 1031 231 1090 De
253 1033 449 1092 celebratione
472 1029 659 1101 Missurum,
684 1030 873 1092 Eucharistia
896 1028 1057 1092 deferenda

58 1135 61 1141 ·
100 1113 143 1173 sit
164 1113 202 1172 ad
224 1107 387 1174 infirmum
398 1131 468 1174 cum
490 1114 571 1174 omni
581 1110 763 1174 reverentia
784 1118 816 1174 et
837 1113 967 1183 timore,
997 1129 1056 1178 non

102 1194 215 1256 mirum
237 1195 332 1255 videri
355 1196 465 1265 debet,
488 1195 513 1254 si
533 1201 721 1259 etuostrum
743 1195 876 1265 Rituale,
899 1200 930 1256 et
951 1212 1059 1257 recen-

103 1276 195 1338 tiores
212 1275 333 1354 Synodi,
359 1275 557 1349 honorificum
570 1277 610 1336 in
625 1295 661 1336 ea
682 1275 893 1338 Eucharistiae
907 1277 1055 1345 delatione

99 1364 279 1436 apparatum
295 1359 512 1434 praescribunt,
530 1359 758 1436 prohibentque,
775 1366 862 1420 noctu
878 1357 1056 1421 Sacramen-

100 1449 167 1501 tum
188 1439 328 1520 deserri,
351 1442 412 1503 cisi
438 1441 595 1502 necessitas
620 1449 737 1519 repent.
760 1439 907 1502 Praeferri
933 1457 1057 1502 consue·

100 1523 180 1585 visse
202 1523 235 1583 in
258 1525 349 1586 sacris
370 1521 636 1591 Processionibus,
662 1539 716 1583 vas
742 1541 814 1584 oum
835 1541 914 1600 aqua
936 1522 1056 1585 benedi-

99 1608 163 1673 cta,·
185 1605 294 1668 docent
313 1607 423 1682 passim
445 1606 495 1680 qui
517 1622 617 1667 saeros
639 1605 715 1666 ritus
736 1609 894 1673 enarrant,
917 1605 1055 1680 interque

98 1686 175 1748 allos
195 1685 325 1748 lacobus
346 1685 483 1748 Eveillon
503 1685 547 1748 De
570 1684 806 1751 Procrraioaibar
827 1685 1054 1756 Ecclesiasticis,

102 1765 176 1845 Cap.
199 1766 253 1830 lll.
277 1767 416 1829 Defertur
439 1775 541 1830 autem
562 1769 720 1846 speciatim
741 1787 812 1830 eum
834 1774 971 1846 portatur
994 1765 1069 1849 Eu(

98 1849 242 1914 charistia
265 1851 302 1912 ad
327 1848 503 1920 infirmum,
528 1851 607 1925 quod
628 1868 707 1926 aqua
729 1850 813 1929 ipsa,
837 1850 982 1912 Sacerdos
1003 1850 1055 1912 de·

100 1933 153 1994 bet
173 1930 324 1996 infirmum
346 1950 516 2011 aspergere.
534 1931 656 2009 Septem
677 1935 807 2011 psalmos
827 1932 1055 2009 poenitentiales

100 2014 254 2076 decantari
277 2014 419 2090 mandant
438 2017 469 2074 in
494 2014 645 2076 delatione
656 2015 865 2076 Eucharistiae
887 2014 1054 2090 permultae

100 2094 225 2174 Synodi‚
241 2098 319 2158 iuter
333 2115 405 2174 quas
418 2097 603 2159 Salernitana
624 2098 692 2158 anni
703 2095 944 2160 Mbtxxxtx.
960 2094 1055 2158 Porro

100 2183 237 2241 nostrum
252 2180 368 2242 Ilituale
390 2180 471 2242 nulla
493 2179 572 2240 lacta
587 2177 775 2242 Psalmorum
798 2178 1055 2256 poenitentialium

99 2261 262 2330 mentione,
285 2261 341 2324 soli
356 2261 504 2329 Paracho,
528 2278 582 2322 seu
603 2261 756 2323 Sacerdoti
774 2261 994 2324 Eucharistiam
1016 2259 1054 2320 ad

97 2340 253 2404 infirmum
269 2342 415 2410 deferenti
435 2343 566 2413 mandat,
580 2348 615 2403 nt
628 2343 758 2416 incedat,
774 2345 874 2406 dicens
886 2342 1050 2409 Psalmum,

100 2423 257 2490 Miserere,
280 2431 311 2486 et
331 2426 404 2486 alios
417 2425 552 2489 Psalmos
574 2433 605 2488 et
618 2423 741 2487 Cantica
762 2441 840 2502 quae
853 2426 967 2487 scilicet
989 2441 1053 2484 me-

100 2507 229 2573 moriter
251 2513 342 2569 tenet.

142 2588 211 2651 Vll.
236 2588 302 2656 Mes
329 2596 431 2654 autem
459 2591 598 2666 antiquus
620 2593 686 2658 est,
716 2595 751 2651 ut
772 2589 916 2650 Sacerdos
938 2551 1049 2648 infirmi

97 2671 275 2734 cubiculum
302 2672 497 2750 ingrediens,
526 2689 584 2732 non
614 2671 701 2732 modo
729 2673 859 2732 adeum
885 2671 1053 2733 communi·
1091 2726 1101 2740 ,

99 2753 249 2823 candum,
273 2771 378 2817 verum
402 2756 493 2818 etiam
515 2754 551 2814 ad
575 2771 660 2814 sacro
679 2752 754 2813 Olen
775 2753 989 2828 inungendum,
1007 2751 1052 2812 di

99 2842 149 2895 cat
171 2835 324 2912 primum,
348 2836 419 2898 Parc
440 2837 509 2896 kuic
532 2834 634 2895 domui
655 2853 691 2895 ac
711 2835 817 2896 deinde
840 2836 912 2899 alias
933 2833 1050 2912 preces.

100 2915 172 2978 Pac
198 2917 267 2976 brie
295 2917 396 2978 domei
423 2918 676 2993 alluditquidem
703 2919 741 2977 ad
764 2918 836 2977 illud
859 2915 971 2977 Christi
991 2916 1051 2975 Do·

99 2999 173 3058 mini
194 2998 231 3059 ad
256 2998 411 3078 Apostolos
432 3001 558 3064 dictum:
577 2999 615 3060 [ιι
629 3016 844 3078 quemeumque
866 2999 986 3058 demum
1000 2999 1047 3056 in-

100 3083 274 3149 traverita's,
293 3084 428 3159 primum
451 3081 560 3150 dieite,
585 3079 656 3138 Peac
678 3081 746 3140 heir
768 3081 869 3140 domui
881 3124 888 3149 ,
912 3081 955 3141 uli
979 3079 1050 3155 legi-

99 3169 149 3224 tur
175 3164 205 3222 in
228 3160 390 3242 Evangelio
416 3163 536 3232 Lnoae,
559 3159 632 3238 Cap.
660 3160 704 3224 X.
728 3163 833 3222 Ritnm
852 3168 954 3222 autem
975 3160 1052 3220 anti·

16 3269 19 3276 ⁴
100 3262 194 3320 quum
216 3243 333 3315 luisse,
358 3252 390 3308 nt
412 3244 521 3305 infirmi
544 3245 795 3312 communicaturi
817 3245 947 3321 primum
981 3259 1051 3318 pec-

97 3332 164 3386 cata
179 3325 400 3390 confiterentur
427 3327 464 3388 ab
487 3328 581 3403 iisque
609 3325 826 3388 absolutionem
851 3328 1048 3401 acciperent,

99 3405 186 3468 docet
208 3427 259 3469 nos
280 3410 358 3472 inter
373 3409 446 3470 alios
468 3408 594 3470 liitnalis
609 3408 710 3470 Codex
731 3405 883 3470 Ecclesiae
898 3407 1051 3469 Turonen-

98 3489 151 3548 sis.
167 3486 245 3551 Hinc
267 3492 383 3554 seclusa
404 3492 593 3560 necessitate;
611 3494 645 3552 ut
659 3491 768 3552 multas
782 3490 970 3552 difficultates
982 3506 1050 3549 eva·

97 3569 152 3640 dat
171 3568 349 3643 euscius,
373 3590 495 3637 servare
517 3572 595 3642 banc¹
616 3573 759 3652 regulam,
773 3572 896 3641 debeat,
920 3578 954 3636 ut
975 3589 1055 3632 nun·
