2567 4042
597 162 822 237 wallem-

233 295 292 358 viri
313 295 482 363 clarissimi,
506 293 568 357 Leo
589 295 740 365 Allatins,
765 300 796 359 et
815 293 945 357 lacobus
966 292 1117 367 Goarius;
1141 296 1185 359 ita

233 378 325 438 ctiam
347 394 450 437 sacrae
472 374 598 455 Virgini,
622 394 694 439 eum
716 378 890 439 solemniter
911 378 1031 442 Christo
1053 379 1182 457 despon-

234 460 375 529 debatur,
389 476 499 520 corona
513 459 676 537 antiquitus
693 459 750 520 luit
762 458 1060 539 impositallleminit
1071 462 1182 541 quippe

230 540 301 685 Fjug
322 544 397 605 ritus
417 547 505 603 relus
526 538 609 601 Ordo
630 540 804 615 Romanus,
829 548 861 603 et
881 542 958 603 rarii
977 541 1061 603 Libri
1081 538 1182 603 Ponti·

242 640 286 684 rca
299 640 343 683 es.

251 704 326 785 ¹Vl.
350 702 460 765 Variae
475 711 546 767 sunt
566 706 596 765 in
618 707 712 766 variis
730 706 945 785 manuscriptis
959 702 1182 767 Pontificalibus

232 787 473 849 benedictionum
495 787 669 861 formulae,
695 807 771 867 quae
794 786 967 865 Virginibus
999 787 1180 850 consecratis

231 871 296 929 dari
317 869 422 929 solitae
443 877 539 932 erant.
557 869 693 932 Tradunt
715 871 823 949 passim
847 868 929 929 Libri
950 870 1066 947 antiqui
1080 867 1201 930 Ponti·

229 950 358 1017 ficales,
382 955 416 1011 ut
436 952 535 1012 velato
564 954 686 1030 capite,
710 952 790 1014 dicto
812 950 991 1019 offertorio,
1015 952 1051 1011 ad
1074 969 1181 1013 manus

228 1030 370 1111 Episcopi
392 1029 532 1110 Virgines
553 1034 683 1094 ollerant
710 1051 768 1094 non
800 1033 921 1110 quidem
948 1050 1053 1111 cereos
1073 1050 1181 1093 accen·

229 1133 289 1183 sor,
314 1115 367 1174 sed
389 1112 477 1185 torte,
502 1116 544 1175 uti
567 1117 661 1177 moris
682 1122 758 1183 erat,
775 1132 885 1194 panem
906 1122 937 1177 ct
957 1116 1073 1177 viuum.
1089 1114 1179 1175 Pera-

229 1201 277 1257 cta
300 1196 358 1257 hoc
381 1196 470 1257 modo
485 1195 645 1274 Virginem
667 1198 902 1265 consecratione,
919 1195 1086 1276 Episcopus
1107 1190 1180 1259 Mis-

228 1296 293 1339 sam
322 1279 590 1357 prosequebatur,
621 1282 651 1341 in
672 1298 732 1357 qna
753 1282 944 1340 consecratae
977 1280 1178 1361 communica-

226 1360 310 1422 bant.
334 1359 482 1421 Omnibus
505 1364 746 1429 communicatis,
770 1364 851 1441 ipsae
876 1360 1102 1441 Virginesante
1124 1359 1178 1421 Al-

226 1447 292 1504 tare
313 1443 402 1524 simui
424 1443 584 1504 canebant
605 1444 836 1522 Antiphonem:
859 1440 928 1518 Mel,
942 1454 969 1505 ct
989 1446 1035 1504 loc
1056 1460 1094 1505 ecc
1115 1444 1179 1521 ejas

226 1545 274 1587 erc
296 1524 432 1607 suscepi,
457 1523 627 1605 ct'souqois
650 1530 712 1607 ejus
739 1526 858 1587 ornabit
885 1544 973 1603 qenes
1001 1543 1092 1585 meos.
1122 1521 1178 1585 Est

226 1604 361 1685 protecto
383 1606 540 1684 desumpta
563 1609 639 1672 haec
656 1609 840 1688 Antiphone,
859 1607 935 1667 sicut
955 1613 985 1667 et
1006 1607 1083 1671 aliae
1098 1624 1176 1669 com·

226 1690 341 1766 plures,
359 1706 402 1749 ex·
419 1688 517 1749 edicio
539 1688 570 1749 S.
588 1689 724 1771 Agnetis,
748 1684 832 1769 qua'e
848 1687 884 1748 ad
905 1679 956 1751 sui
974 1686 1118 1767 Baptismi
1140 1688 1176 1749 ri·

226 1776 293 1829 tum
314 1769 461 1838 alludens,
479 1789 515 1830 ea
536 1774 629 1833 verba
645 1772 780 1851 protulit.
798 1770 917 1831 Etenim
930 1788 996 1831 mos
1018 1772 1090 1831 olim
1105 1769 1173 1841 luit,
1263 1838 1264 1845 ἵ

224 1855 259 1911 nt
280 1859 401 1930 praeter
429 1868 546 1912 sacram
569 1853 711 1932 Corporis
733 1862 764 1918 ei
785 1853 939 1930 Sanguinis
960 1851 1073 1913 Christi
1094 1870 1176 1913 com·

206 1935 411 2005 munionem,
428 1934 519 1997 lacet
539 1937 600 1996 mel
623 1955 730 1999 recens
752 1936 908 2013 baptizatis
930 1934 1113 2003 traderetur,
1129 1932 1172 1995 uti

223 2018 381 2095 perspicue
410 2018 540 2078 ostendit
560 2016 739 2081 Martenius.
769 2018 863 2079 Recte
885 2035 920 2077 ea
941 2016 1057 2086 verbe,
1078 2019 1125 2079 tac
1148 2024 1174 2077 ct

222 2098 282 2159 ascl
304 2118 343 2159 co·
363 2117 414 2158 cre
437 2102 500 2180 ejas
521 2104 635 2181 suscepi
657 2103 695 2162 ab
711 2102 783 2179 ipsis
798 2098 1012 2167 recitabantur,
1029 2103 1062 2159 ut
1077 2104 1175 2161 osten·
1262 2162 1263 2169 ,

224 2180 332 2256 derent
351 2182 457 2261 ipsas,
485 2200 563 2257 quae
583 2184 695 2245 Sacrae
717 2180 928 2255 Eucharistiae
951 2179 1110 2258 participes
1131 2178 1173 2242 a·

225 2268 292 2325 ctae
306 2267 386 2338 sunt,
400 2267 431 2322 et
444 2263 555 2324 saeculi
570 2267 688 2345 pompis
705 2284 758 2343 per
774 2282 860 2325 snam
871 2263 1124 2325 consecrationem
1139 2279 1171 2323 ac

225 2345 486 2421 desponsationem
509 2364 578 2409 cum
595 2348 709 2409 aeterni
733 2346 828 2407 Patris
844 2343 931 2413 Filio,
948 2347 1169 2413 renunciatum,

224 2428 342 2487 terram'
358 2427 563 2505 promissionis
585 2432 746 2509 accepisse,
763 2428 840 2489 lacte
861 2431 892 2489 et
911 2428 1001 2491 melle
1016 2425 1168 2494 liuentem,

221 2514 258 2649 hrt·
286 2525 329 2651 ext
352 2508 447 2573 sacris
472 2510 595 2573 Litteris
617 2510 717 2575 Sancti
743 2509 897 2573 Ecclesiae
928 2507 1030 2573 Patres
1051 2508 1170 2589 ,passim
1261 2512 1262 2602 l

242 2606 340 2651 ocen.
