2567 4042
613 153 838 226 mat-m·

286 284 340 346 lv.
359 283 466 344 Varios
481 281 625 354 psalmos,
644 284 817 363 Evangelia,
833 289 924 361 atque
939 281 1110 347 Orationes,
1137 301 1202 343 non

244 369 369 445 quidem
390 385 427 427 eo
450 367 554 428 ordine
575 384 634 442 quo
658 367 804 430 innostro
824 367 936 427 Rituali
958 365 1200 433 describuntur,

245 451 297 512 sed
313 450 441 527 sparsim
464 448 583 510 recitari
604 446 666 524 jam
683 449 754 508 olim
776 450 967 509 consuevisse
989 465 1006 506 a
1028 445 1202 506 Sacerdoti·

244 533 302 594 bus
323 548 413 609 super
435 529 576 595 infirmos,
601 531 707 590 docent
730 549 781 590 nos
803 532 913 608 passim
935 529 1050 604 antiqui
1071 527 1203 588 Codices

246 614 531 680 sacramentorum,
563 613 649 689 longo
671 613 788 689 agmine
813 613 851 672 ab
872 611 1031 673 Edmundo
1058 609 1202 670 Matiene

246 697 328 756 ailuti
350 693 443 754 Libl
466 695 510 754 De
525 695 658 771 antiquis
680 693 829 756 Ecclesiae
852 692 981 762 llitibcs,
1008 693 1114 769 Cupite
1139 691 1201 752 Vll

144 808 147 812 ·
245 777 382 840 Articulo
396 775 439 836 IV
455 793 509 854 per
524 781 630 836 toturn.
655 774 796 838 Ceterum
813 776 1001 836 consuevisse
1026 793 1085 833 non
1106 775 1202 834 modo

246 861 318 920 olim
342 858 398 935 legi
415 856 612 935 Evangelium
636 857 774 926 insumis,
797 859 1018 920 verumetiam
1041 857 1130 931 capiti
1147 875 1203 916 eo-

245 961 314 1002 rum
338 942 461 1015 imponi,
486 941 569 1000 testis
590 944 636 999 est
657 939 687 999 S.
712 940 896 1016 Augustinus
922 935 1064 999 Tractotu
1086 936 1146 997 v11
1165 939 1203 996 io

246 1022 399 1090 Ioannem,
417 1023 468 1097 qui
484 1022 605 1098 quidem
622 1026 733 1082 tantam
749 1021 842 1082 Sacro
857 1021 1011 1098 Evangelii
1025 1019 1126 1080 Codioi
1138 1019 1203 1079 vir-

247 1110 344 1166 tutem
367 1103 493 1169 tribuit,
518 1109 550 1163 nt
573 1121 629 1162 non
653 1105 744 1162 animi
767 1109 908 1170 tantum,
935 1103 988 1163 sed
1010 1109 1042 1164 et
1062 1104 1202 1177 corporis

247 1187 367 1246 morbos
389 1186 427 1245 ab
449 1203 486 1246 eo
507 1171 614 1261 dipeitt
638 1203 723 1260 posse
744 1191 870 1257 asserat,
894 1186 918 1243 si
940 1203 1009 1245 curn
1032 1183 1090 1244 tide
1111 1185 1201 1244 adbi-

247 1269 375 1330 beatur:
403 1267 479 1329 Com
501 1277 604 1347 capot,
628 1267 746 1342 inquit,
771 1269 826 1328 tibi
850 1267 945 1332 dolet,
969 1266 1151 1334 laudamus,
1174 1266 1203 1324 ei

151 1383 156 1396 ·
248 1349 448 1427 Evangelium
469 1348 508 1410 ud
530 1356 620 1428 caput
643 1349 696 1408 tibi
716 1351 897 1428 apposueris.
921 1349 1006 1409 Ritus
1027 1348 1203 1425 imponendi

248 1449 370 1492 manum
386 1431 543 1493 dexteram
566 1447 657 1505 super
672 1439 762 1509 caput
783 1431 893 1491 infirmi
915 1432 991 1490 varii
1013 1432 1130 1506 antiqui
1153 1449 1202 1491 re-

248 1513 454 1588 centioresque
477 1513 558 1572 Libri
572 1510 708 1573 Rituales
731 1514 962 1591 praescribunt,
991 1519 1022 1573 et
1043 1511 1199 1572 Christum

248 1594 409 1658 Dominum
433 1587 523 1656 habet
544 1599 711 1664 auctorem,
729 1597 780 1671 qui
802 1598 831 1656 in
844 1595 1007 1671 Evangelio
1022 1593 1119 1654 Marci
1145 1593 1201 1654 Ca-

250 1680 311 1754 pite
333 1677 449 1746 ultimo,
474 1677 536 1737 suis
552 1675 711 1751 Iiiseipulis
726 1678 821 1738 dixit:
848 1675 943 1754 Super
966 1693 1069 1754 aegros
1091 1695 1201 1736 monus

248 1763 407 1837 imponent,
433 1768 459 1817 et
475 1759 545 1816 beno
561 1758 716 1818 habebunt,
734 1757 818 1831 Quae
833 1759 953 1836 quidem
975 1759 1080 1824 verba,
1099 1776 1138 1816 ex
1154 1757 1201 1816 Ri-

250 1839 376 1902 tualium
400 1841 582 1916 praescripto
605 1845 636 1900 et
657 1843 811 1900 communi
833 1840 984 1902 Ecclesiae
1014 1840 1125 1916 praxi,
1149 1839 1202 1899 Sa-

141 1981 144 1986 ,
250 1923 354 1983 certios
378 1923 574 1997 pronunciet,
608 1922 680 1982 dum
703 1939 827 1983 manum
854 1939 945 2000 super
974 1921 1085 1980 infirmi
1108 1926 1200 1999 eaput

248 2003 385 2081 imponit.
399 2005 537 2081 Quinque
553 2002 715 2079 Evangelia
730 2022 748 2062 a
762 2005 872 2066 Rituali
888 2005 1073 2081 praescripta
1088 2004 1125 2062 ad
1143 2005 1201 2064 boc

250 2092 285 2147 ut
306 2086 440 2162 legantur
463 2103 552 2162 super
573 2085 709 2155 infirmo,
735 2086 797 2149 lere
819 2087 920 2147 omnia
941 2086 978 2144 ad
993 2084 1201 2146 infirmitatem

249 2174 280 2230 et
294 2168 330 2227 ad
348 2168 472 2228 salutem
490 2169 651 2245 pertinent.
667 2165 804 2228 Primum
821 2169 951 2244 loquitur
967 2168 1004 2226 de
1020 2185 1115 2244 puero
1125 2166 1201 2227 Cen·

143 2283 146 2288 ·
250 2249 378 2312 turionis
400 2250 586 2310 aSalvatore
609 2251 695 2310 saluti
720 2253 871 2311 restituto:
896 2249 1067 2310 Secundum
1092 2256 1201 2309 tractat

249 2333 286 2392 de
307 2336 453 2408 potestate
475 2332 624 2408 Apostolis
655 2349 673 2390 a
694 2329 815 2392 Christo
843 2333 951 2392 tradita
977 2331 1098 2392 sanandi
1123 2331 1202 2392 infir·
1268 2402 1269 2413 χ

249 2429 334 2474 mos:
358 2411 495 2474 Tertium
518 2415 652 2489 loquitur
673 2414 709 2473 de
721 2432 809 2476 socru
831 2413 959 2474 Simonis
980 2431 1058 2489 quae
1082 2416 1203 2474 teneba·
1268 2422 1269 2427 ’

249 2502 300 2556 tur
316 2495 431 2571 magnis
454 2495 595 2562 febribus,
620 2500 650 2556 et
671 2494 823 2556 aCbristo
845 2500 948 2556 sanata
964 2493 1028 2555 luit:
1051 2495 1202 2568 Quartum

138 2637 141 2642 ,
251 2577 408 2636 historiam
431 2578 517 2638 affert
538 2577 580 2637 de⁴
597 2576 754 2638 Probatica
775 2575 914 2646 Piscina,
943 2581 974 2636 et
1001 2567 1038 2636 ie
1061 2577 1202 2654 languido

250 2658 291 2718 ibi
311 2655 438 2734 jacente,
463 2677 555 2735 quem
577 2657 714 2720 Christus
737 2661 774 2719 ab
789 2662 910 2736 antiqua
932 2655 1105 2720 infirmitate
1129 2659 1202 2720 tibe-

249 2741 339 2800 ravit:
363 2741 485 2804 demum
501 2743 639 2820 quintum
655 2749 701 2802 est
715 2743 834 2802 initium
849 2741 1002 2828 Evangelii
1016 2739 1046 2800 S.
1066 2741 1197 2802 loannis.

618 2902 745 2966 CAPUT
765 2904 851 2966 XVI.

463 3085 506 3129 DE
527 3083 617 3129 MODO
639 3084 773 3130 JUVANDI
795 3084 1003 3141 bostrenses-f

292 3227 318 3289 1.
331 3225 423 3290 Facta
446 3233 595 3292 mentione
611 3229 671 3292 buc
686 3249 782 3308 usque
797 3231 833 3293 de
850 3231 1075 3309 praeparatione
1090 3229 1202 3291 infirmi

252 3311 289 3372 ad
310 3319 451 3384 mortem,
476 3314 573 3390 agitur
595 3331 675 3372 nunc
697 3315 734 3374 de
757 3314 821 3390 ipso
843 3313 962 3381 infirmo
985 3314 1148 3384 moriente,
1171 3316 1203 3372 et

250 3395 289 3456 de
304 3393 406 3453 officiis
423 3412 504 3470 qnae
520 3396 547 3456 ei
564 3403 717 3471 praestare
732 3393 883 3456 Paro'cbns
898 3397 997 3458 debet.
1015 3394 1130 3455 *Sacrae
1146 3394 1201 3472 Sy·

251 3474 322 3536 nodi
344 3475 476 3536 districte
499 3478 707 3554 praecipiunt:
732 3478 950 3555 inpraocsceote
971 3480 1092 3546 morbo,
1116 3477 1203 3557 infir·

251 3575 334 3616 mum
355 3555 541 3636 frequentius
562 3558 706 3620 msitoblt.
729 3557 863 3638 Tempus
884 3562 1008 3627 mortis,
1031 3560 1201 3620 misericor-
