2567 4042
470 174 697 248 *Mim-
806 201 810 208 ·

113 307 201 368 tectio
214 309 253 367 sit
274 304 425 383 quaedem
447 306 582 366 omnium
598 323 723 384 precum
746 306 889 382 epitome.
913 301 995 368 llaec
1011 323 1064 370 au·

111 395 170 449 tem
185 389 351 449 contractio
374 387 405 448 S.
423 387 602 465 Gregorium
617 386 675 448 Vll
691 394 845 448 auctorem
862 387 977 462 habuit.
1003 385 1063 448 Ex·

109 475 167 530 stat
180 470 260 548 apud
275 468 453 530 Gratianum
468 469 552 548 Cap,
563 465 674 529 Sancto
688 467 826 528 Romana
843 465 974 530 Ecclesia
989 470 1058 530 dist.

108 551 167 612 XV
189 552 264 612 ordo
287 552 540 628 praescriptarum
563 568 601 610 ex
616 552 709 611 sacris
731 549 894 627 Scripturis
916 548 1060 612 inOlticio

106 633 389 696 diriuolectionum.
403 633 497 694 Novis
508 632 616 695 deinde
633 631 886 693 contractionibus
897 631 1059 692 obnoxium

108 715 299 776 Breeiarium
314 720 450 776 nostrum
468 714 535 784 tuit,
552 720 696 775 currente
712 731 817 792 nempe
838 715 957 775 saeculo
971 711 1058 781 Xttt.

107 796 329 873 utttadutphus
343 795 529 875 't'uugrensis
550 794 587 856 de
605 795 764 858 Cortonam
786 796 974 856 observantia
992 813 1059 872 pro·

105 879 192 956 posit.
210 877 252 938 Ἠ
266 876 370 939 rotert.
387 877 455 940 Hoc
476 877 632 938 Breviario
655 896 725 939 usos
747 878 836 938 trrisso
852 875 980 950 ¹Fratres
1002 875 1060 938 Mi·

105 979 193 1022 nores
214 960 347 1021 creditur
369 977 438 1023 cum
461 959 492 1018 S.
510 956 688 1020 Franciscus
708 977 813 1020 eorrrm
835 957 993 1020 lnstitutor
1014 958 1059 1019 eis

103 1042 282 1108 mandasset,
306 1047 340 1104 ut
360 1041 495 1102 dirinum
511 1039 652 1101 Officium
667 1041 832 1102 secuudum
848 1041 983 1103 ordinem
999 1039 1060 1101 Ro·

102 1141 211 1184 manae
242 1120 394 1186 Ecclesiae
423 1128 615 1202 peragerent.
647 1123 836 1184 Breviarium
869 1142 956 1200 porro
980 1124 1058 1184 istud
1123 1171 1130 1182 .

100 1224 198 1281 quum
214 1203 291 1265 mate
305 1206 453 1282 digestum
469 1211 559 1271 esset,
576 1201 699 1282 Haymo
713 1201 981 1266 Franciscauorum
999 1206 1059 1266 Ge·

102 1289 215 1348 caeratis
237 1288 374 1348 Minister
397 1286 471 1348 illud
494 1285 719 1347 relormandum
743 1288 885 1366 suscepit.
909 1287 1058 1348 Emenda-

101 1369 144 1429 rit
166 1371 335 1434 enimvero,
353 1376 444 1446 atque
467 1370 496 1428 tn
519 1370 675 1429 meliorem
698 1369 826 1428 [ormam
845 1369 968 1444 redegit.
982 1368 1058 1430 Gre-

99 1451 187 1528 gorio
202 1449 328 1526 Paan
344 1453 501 1528 probante.
527 1457 560 1510 ut
584 1451 754 1527 Wadingus
779 1456 891 1510 narrat.
917 1450 983 1510 lloc
1006 1468 1057 1526 po·

98 1538 164 1593 stea
187 1533 376 1593 Breviarium
404 1534 442 1592 ab
465 1531 626 1612 ltapmone
655 1537 825 1592 correctum
848 1528 989 1592 Nicotaus
1012 1531 1055 1592 ltl

100 1615 194 1691 recipi
208 1613 298 1692 jussit
312 1615 341 1673 in
357 1616 498 1674 omnibus
508 1614 653 1674 Romanis
668 1612 821 1674 Ecclesiis.
838 1612 953 1674 Verum
967 1616 1056 1675 aliam

98 1696 157 1756 sub
179 1695 335 1757 Cterneuto
352 1695 409 1757 vll
432 1715 560 1773 eamque
575 1697 745 1756 breviorem
769 1693 897 1756 formam
914 1695 1055 1757 Officium

99 1779 197 1840 induit
219 1796 236 1836 a
258 1778 415 1840 Cardinate
430 1776 590 1839 Frauctsco
605 1777 812 1854 Quiguouiano
834 1779 1053 1840 concinnatum.

98 1859 144 1920 De
159 1861 218 1921 troc
233 1859 388 1921 Breviario
401 1859 609 1937 Quignoniauo
631 1859 792 1935 specialem
815 1861 995 1922 mentionem
1013 1863 1056 1922 la-

98 1943 139 2002 cit
160 1941 306 2002 Ricardus
322 1942 424 2002 Simon
448 1944 477 2002 in
493 1943 590 2020 primo
606 1948 688 2001 tomo
710 1959 832 2002 suarum
850 1937 1054 2018 Epistularum

96 2024 282 2084 selectarum
298 2022 394 2100 Epist.
410 2022 462 2083 27.
480 2023 538 2085 Sed
553 2023 671 2084 taudem
683 2023 760 2082 hanc
770 2021 968 2100 Quigncniani
982 2023 1055 2084 Bre-

97 2107 186 2164 viarii
210 2104 372 2166 termulam
394 2105 464 2165 Pius
486 2104 514 2164 V
535 2106 658 2166 sustulit
683 2110 773 2180 atque
796 2103 972 2180 abrogavit,
1003 2123 1054 2166 no-

95 2205 226 2265 vamque
249 2204 287 2246 ex
301 2183 425 2248 Concitii
440 2186 605 2248 Tridentini
627 2188 749 2247 decreto
771 2186 921 2246 conditam
945 2187 1054 2249 substi-

95 2270 165 2329 tuit.
190 2269 273 2330 loter
285 2286 348 2335 eos,
371 2286 447 2344 quos
462 2271 499 2328 ad
515 2269 662 2328 Breviarii
677 2265 803 2327 Romani
820 2269 1052 2344 recognitionem

94 2351 235 2411 adtribuit
250 2349 319 2410 Pins
336 2348 375 2420 V,
393 2355 586 2411 recensentur
601 2349 967 2419 Meratius,Beruardinus
982 2349 1053 2411 Sco-

95 2438 143 2493 tus
158 2429 338 2501 Cardiuatis,
362 2436 393 2492 et
407 2432 539 2494 Thomas
553 2431 739 2493 Goiduelius.
764 2428 827 2492 Nec
841 2431 1049 2503 dubitandum,

95 2515 170 2589 quin
193 2515 307 2589 primas
327 2514 357 2573 in
373 2513 431 2574 troc
452 2533 545 2592 opere
560 2511 728 2574 Cardinatis
749 2511 939 2574 Guittietmus
961 2511 1053 2574 Sirte

94 2602 145 2656 tus
169 2596 427 2671 tenuerit;·quod
450 2602 481 2656 et
504 2595 604 2656 multis
625 2593 755 2657 ostendit
776 2592 822 2656 Cl.
845 2593 1052 2674 Hieronymus

92 2676 340 2755 Lagomarsiuius
361 2677 391 2736 iu
407 2679 535 2757 egregiis
556 2679 593 2738 ad
615 2677 751 2738 Gratiani
773 2676 810 2738 de
833 2678 924 2738 rebus
945 2676 1051 2738 atulio

92 2755 228 2836 Pogiano
242 2760 333 2836 gestis
347 2759 503 2835 epistotam
514 2757 763 2820 adnotationibus.
781 2757 905 2820 Summa
916 2759 1050 2835 quidem.

93 2845 208 2916 etqua
231 2838 329 2916 major
351 2839 514 2902 desiderari
538 2859 596 2900 non
620 2845 738 2918 poterat
759 2840 816 2902 luit
835 2839 881 2912 Pii
896 2841 1047 2918 diligentia

93 2922 124 2980 in
152 2937 227 2981 nova
253 2919 400 2984 Breviarii
431 2925 582 2990 editione,
605 2940 641 2981 ea
658 2929 757 2983 tamen
781 2923 918 2997 nequiit,
944 2927 976 2983 ut
999 2941 1051 2982 nu·

93 3003 201 3063 meris
219 3005 360 3064 omnibus
382 3003 519 3066 absoluta
542 3003 687 3082 prodiret.
702 3003 782 3063 ¹ideo
809 3000 947 3064 Clemens
976 2999 1050 3062 vlll

93 3082 231 3144 Pontifex
246 3086 310 3145 zelo
332 3083 503 3148 inlaticabiti
526 3086 689 3147 admodum
712 3085 876 3146 elaboravit
897 3085 925 3143 in
949 3101 1051 3146 emec-

94 3165 202 3226 daudis
216 3166 263 3234 iis,
288 3183 366 3243 quae
387 3186 404 3227 a
427 3168 524 3228 studio
545 3167 738 3227 decessorum
755 3171 929 3233 evaserant,
954 3167 1050 3241 iisque

94 3247 208 3325 pariter
230 3247 389 3316 tollendis,
419 3267 497 3326 quae
519 3267 680 3326 progressu
705 3248 845 3323 temporis
877 3247 906 3306 iu
927 3246 1049 3308 Piauam

94 3329 313 3390 correctionem
335 3330 539 3399 invaluerant,
563 3337 596 3390 ut
617 3333 744 3391 testatur
767 3330 893 3404 ipsemet
916 3325 1049 3390 Pontifex

93 3411 123 3470 in
146 3410 234 3470 Bulla
255 3429 333 3488 quac
355 3412 483 3490 incipit:
507 3430 577 3472 cum
596 3414 632 3472 in
655 3409 813 3478 Ecclesia,
843 3410 911 3471 dala
933 3409 1048 3472 Rornae

91 3498 179 3552 sexto
202 3490 272 3555 ldus
292 3494 363 3555 Maii
386 3513 463 3554 anno
487 3492 578 3553 1602.
609 3493 746 3568 Denique
768 3492 905 3552 eamdem
929 3494 1050 3571 provin·

93 3574 171 3634 ciam
188 3575 312 3636 ultimus
333 3571 469 3636 omniu'm
484 3575 579 3636 obivit
593 3572 731 3634 Urbanus
746 3572 830 3643 Vttt,
856 3575 907 3652 qrri
924 3585 954 3634 ct
975 3592 1047 3638 cura
