2567 4042
468 183 692 255 mitads·

101 312 251 381 lenirent,
276 312 394 388 liquido
416 318 533 372 constat
554 333 591 375 ex
614 313 719 374 multis
742 312 814 373 locis
836 313 978 379 Chronici
1001 312 1057 373 Cass

100 394 235 453 elnensis.
261 392 306 455 Dc
330 391 560 455 SeEbcrlmrdo
583 395 821 474 Archiepiscopo
837 394 1056 473 Salisburgensi

99 474 207 535 scribit
227 483 333 536 auctor
357 472 424 552 ojus
447 478 527 537 vitae
548 474 621 556 Cap.
647 476 661 537 l
686 477 765 553 apud
789 476 997 537 Bollandianos
1020 475 1058 537 ad

101 556 181 617 diem
201 554 297 617 XXII
320 555 402 617 lunii
420 555 545 627 „inisse
577 559 676 634 ipsum
699 557 814 618 Romae
848 564 1057 619 consecratum

100 639 131 697 in
154 638 308 699 Abbatem
334 639 373 697 ab
396 636 571 699 Innocentio
593 639 622 700 ll
644 640 732 716 eique
764 642 805 700 ita
826 640 936 701 dixisse
958 640 1059 701 Ponti·

100 718 201 781 lacem:
231 720 423 797 Conpertum,
448 730 475 779 ct
499 732 557 781 esto
579 723 728 781 robustus:
750 723 784 781 in
805 723 939 782 omnibus
961 731 1059 781 tecum·

100 820 178 861 sum.
202 800 306 879 lpsnm
330 805 491 878 praeterea
512 809 687 864 morem-ut
707 804 787 863 irent
810 805 942 880 exempti
958 803 1060 863 Abba·
1117 846 1123 855 .

99 889 147 943 tes
161 881 296 943 Romam
319 900 411 944 causa
439 882 676 945 confirmationis
698 891 729 945 ot
751 885 983 956 benedictionis,
1002 902 1059 945 cx·

100 981 240 1041 pressum
263 963 399 1044 prolecto
432 966 560 1043 legimus
589 966 617 1025 in
646 968 851 1043 manuscripto
879 965 987 1028 Codice
1016 968 1058 1028 D.-

102 1044 144 1106 Le
164 1044 280 1107 Dellier
302 1044 533 1125 Rotomngensis
555 1047 586 1108 S.
605 1046 743 1107 Audoeni
766 1048 941 1109 Monasterii
956 1048 1059 1126 Magni

99 1126 223 1188 Priorir.
253 1128 374 1205 integra
407 1130 600 1206 protessionis
622 1129 777 1199 formula,
802 1148 878 1207 quac
911 1131 1058 1208 descripta

101 1216 148 1271 est
169 1210 200 1268 in
215 1209 349 1270 Romano
367 1208 546 1283 Pontificali,
563 1205 712 1272 consentit
733 1212 761 1269 in
785 1212 888 1273 multis
910 1213 1058 1290 capitibus

102 1290 254 1352 formulae
285 1292 441 1352 electionis
474 1291 595 1352 loannis
624 1292 750 1352 Abbatis
782 1292 813 1351 S.
837 1294 945 1354 Albani
976 1294 1057 1370 apud

106 1371 347 1450 spelmannum,
370 1380 401 1434 et
431 1375 510 1451 apud
533 1373 723 1434 Matthaeum
746 1372 893 1435 Parislum
917 1374 1059 1452 Anplico·

102 1472 160 1513 nce
174 1452 328 1516 Historiae
350 1472 428 1515 anno
443 1453 663 1516 MCCXXXV.
680 1454 893 1516 Reverentiam
908 1454 1058 1533 Episcopo

105 1535 218 1597 debere
240 1554 345 1598 omnes
367 1537 501 1597 Abbates
524 1538 617 1615 ipsius
638 1537 793 1598 Dioecesis
815 1543 984 1614 praestare,
1007 1538 1061 1598 do-

102 1624 173 1678 cent
195 1636 248 1679 nos
270 1619 347 1679 sacri
362 1618 498 1679 canones
518 1622 644 1697 passim,
662 1636 696 1678 ac
718 1618 818 1681 Sancti
835 1620 988 1681 Ecclesiae
1003 1618 1059 1679 Pa·

101 1705 163 1759 tres
185 1697 357 1776 frequenter
379 1699 539 1761 inculcant.
565 1700 718 1760 Abbatum
742 1700 911 1763 benedictio
934 1701 1060 1762 aliaest

100 1778 346 1849 Monaclrorum,
370 1784 429 1843 alla
457 1782 677 1843 Canonicorum
702 1782 907 1860 Regularium.
935 1781 1057 1861 Horum

99 1862 183 1922 nulla
203 1869 249 1923 est
270 1866 383 1924 mentio
415 1864 496 1940 apud
518 1865 656 1940 antiquos
679 1863 873 1941 Scriptores,
905 1863 1005 1926 nullus
1029 1866 1058 1924 in

100 1942 336 2017 Pontificalibus,
359 1953 413 2008 aut
434 1943 603 2005 Ritualibus
621 1944 720 2005 Libris
742 1943 835 2014 Ordo,
854 1963 986 2023 quorum
1009 1963 1059 2005 ac-

101 2031 148 2085 tas
176 2032 333 2087 sexcentos
361 2028 517 2105 paululum
541 2026 668 2086 excedat
690 2044 794 2086 annos·
828 2026 892 2087 Nec
921 2028 1055 2098 mirum,

102 2107 243 2167 observat
263 2108 443 2170 Marteuius
474 2108 520 2167 Dc
540 2106 749 2167 Benedictiono
782 2127 833 2167 seu
863 2106 1060 2169 ordinatione

102 2186 271 2260 Abbutum,
295 2190 368 2267 Cap.
391 2191 426 2263 l,
450 2207 520 2249 cnm
542 2188 579 2249 ad
603 2188 652 2247 illa
675 2194 791 2249 tontum
815 2195 978 2266 tempora,
1002 2187 1060 2249 Ca·

100 2272 279 2332 nonicorum
302 2270 523 2350 Regularium,
551 2272 658 2347 quales
680 2271 769 2329 modo
791 2271 948 2338 videmus,
974 2272 1062 2349 origo

100 2350 260 2415 reserenda
283 2357 339 2413 est.
358 2353 399 2414 nt
419 2372 493 2415 vero
517 2353 669 2413 Abbatum
694 2352 916 2427 Monachorum
939 2353 1060 2413 benedi·

104 2434 163 2494 ctio
185 2434 393 2513 antiquissima
414 2442 471 2503 cst,
488 2434 579 2513 cujus
602 2439 685 2493 certe
700 2436 869 2511 reperimus
882 2440 1061 2511 argumenta

104 2516 142 2575 ab
165 2516 251 2577 annis
271 2517 394 2577 circiter
415 2518 499 2578 mille
521 2515 668 2576 ducentis.

147 2597 188 2657 ll.
213 2597 331 2660 Morem
354 2596 446 2658 luisse
468 2596 649 2659 in'Ecclesia
671 2602 889 2675 pervetustum,
907 2604 941 2659 ut
962 2600 986 2659 is
1007 2596 1059 2673 qui

105 2679 143 2737 ad
167 2681 303 2761 regimen
326 2680 496 2741 animarum
519 2678 657 2755 cligitur,
682 2678 951 2755 prtusexamtnari
973 2678 1061 2741 debe-

103 2766 178 2832 ret,
202 2760 268 2822 inse
297 2762 426 2822 ostendit
447 2759 591 2827 Catalano
612 2760 663 2820 ubi
685 2760 722 2820 de
745 2760 837 2821 sacris
858 2759 1061 2822 Ordinationi-

107 2841 164 2901 bus
186 2840 260 2920 egil.
285 2843 318 2903 ln
334 2843 464 2920 antiquis
478 2840 646 2902 Ritualibus
659 2838 759 2901 Libris
782 2842 891 2917 passim
913 2842 1060 2921 praescri-

105 2927 191 2998 ptum
216 2926 345 3001 legimus
367 2942 493 2984 examen
516 2923 545 2982 in
567 2923 738 2983 ordinandis
754 2922 932 2984 Abbatibus.
956 2924 1061 2985 Tradit

106 3002 281 3067 Pontificale
304 3006 456 3068 Ecclesiae
478 3004 677 3072 Conchensis‚
695 3003 862 3065 laciendum
886 3004 1059 3083 hujusmodi

105 3102 233 3147 examen
257 3088 286 3148 in
308 3088 416 3156 ltlissa,
440 3096 601 3166 antequam
623 3087 743 3162 leuatur
765 3083 973 3165 Eoonpolt'um,
995 3089 1061 3149 lllo-
1092 3130 1106 3168 ,

105 3168 262 3247 guntinum
285 3176 386 3231 autem
409 3174 475 3245 post
489 3168 631 3228 recitatas
653 3167 815 3236 orationes,
834 3175 995 3245 antequam
1015 3168 1061 3227 di-

105 3252 192 3308 cutur
213 3248 358 3327 Epistola.
394 3249 472 3309 lllud
492 3249 581 3327 plane
603 3250 721 3307 constat
751 3256 790 3310 e'x
812 3250 951 3310 omnibus
982 3267 1058 3327 pene

105 3330 234 3406 antiquis
256 3332 450 3401 Ritualibus,
475 3329 606 3408 primam
628 3329 763 3391 omnium
793 3330 1059 3408 interrogationem

108 3428 177 3471 erm
199 3430 289 3480 esse,
312 3432 402 3491 qnam
426 3410 518 3472 babet
538 3416 679 3472 nostrum
700 3409 871 3471 Pontificale
892 3412 1062 3473 Romanum

108 3493 193 3553 bisce
208 3494 309 3554 verbis
330 3500 517 3571 conceptnma
541 3489 590 3552 Vir
612 3500 700 3551 tuum
717 3501 854 3552 sanctum
864 3496 1060 3573 propositum,

107 3584 135 3634 et
159 3572 267 3637 Sancti
287 3573 329 3638 N.
353 3577 489 3656 requam
508 3574 681 3645 observare,
706 3574 817 3655 tibique
839 3575 1003 3656 subjector,
1026 3582 1060 3636 ut
