2567 4042
647 168 850 239 2392&

310 293 350 356 V.
373 294 589 373 Antiquissima
610 304 657 357 est
678 298 886 371 consuetudo,
909 303 944 357 ut
963 295 1090 359 Basilica
1111 312 1212 359 conse·

269 375 380 439 aranda
400 395 498 455 aquae
525 374 713 441 exorcizatae
730 426 744 450 ‚.
763 400 817 442 seu
840 379 1014 441 benedictae
1047 378 1215 457 aspersione

269 457 483 528 sanctificetur,
508 461 763 536 quemadmodum
777 468 893 523 constat
914 480 951 522 ex
973 459 1155 539 pervetustis
1169 458 1214 519 Li·

270 541 334 602 bris
354 538 599 609 Pontificalibus.
622 551 654 605 et
695 546 758 605 rari
781 545 973 619 antiquorum
995 543 1140 611 Petrum,
1165 540 1212 617 qui

269 624 365 701 ipsam
388 642 445 684 nou
461 624 551 684 modo
573 624 602 684 in
618 626 825 687 consecrandis
840 622 984 686 Ecclesiis
998 622 1210 688 adhibuerunt,

230 763 234 770 .
269 706 321 765 sed
343 705 413 785 ejus
433 708 526 766 etiam
548 704 625 767 ritus
646 709 791 787 mysteria
813 713 1002 769 enarrarunt.
1033 704 1086 764 lvo
1109 702 1213 765 Carne

268 788 360 849 tensis
375 783 541 865 Episcopus
563 788 593 847 iu
617 786 760 849 Sermone
781 790 817 849 dc
835 786 1035 849 Sauamemis
1058 784 1213 847 dedicatio·

235 913 240 919 .
268 872 317 930 reis
338 867 375 931 de
397 888 434 929 ea
448 888 481 930 re
503 869 579 929 haec
601 870 704 931 babet:
729 869 832 933 Primo
852 875 954 949 itaque
975 887 1085 949 aquam
1102 863 1213 927 bencdi-

269 953 375 1021 cimus,
399 952 448 1010 eui
469 960 496 1011 et
517 952 562 1011 sul
582 952 777 1013 admiscetur:
800 973 880 1033 aquo
903 954 1010 1036 eteuim
1019 950 1213 1031 poenitentiae

268 1031 402 1113 fipurum
421 1036 526 1111 perit,
556 1052 631 1111 quae
663 1035 744 1097 uelut
766 1054 845 1115 aqua
862 1042 1052 1115 pcccatorum
1082 1031 1212 1095 maculas

269 1114 386 1181 abluit.
410 1132 501 1193 quam
523 1124 593 1174 tune
614 1116 838 1186 benedicimus,
862 1133 928 1177 cum
949 1114 1093 1175 uirtutem
1110 1111 1213 1193 poeni

267 1193 379 1257 tentiae
395 1196 514 1276 populis
534 1194 575 1254 ad
588 1194 700 1258 Fidem
714 1200 896 1259 uenientibus
914 1194 1139 1276 praedicamus.
1161 1192 1214 1255 Cui

267 1275 450 1337 admiscetur
471 1277 540 1347 sal,
563 1277 641 1339 idest
664 1280 834 1359 eoaupelt'ca
856 1278 1002 1347 doctriua,
1024 1277 1112 1357 fluam
1135 1272 1213 1335 oudi-

267 1368 371 1419 torum
386 1358 481 1429 corda
501 1360 588 1421 suooi
601 1360 800 1423 mordacitate
816 1362 1025 1437 oenotri-tepens,
1045 1368 1071 1418 et
1092 1356 1135 1416 ud
1151 1372 1212 1417 rou

267 1439 446 1502 seruandam
467 1442 545 1503 ot'tue
577 1443 738 1503 ueritatem
759 1443 906 1523 supienter
928 1456 1111 1520 componens.
1143 1435 1214 1499 Cou-

266 1522 357 1583 sentit
380 1520 463 1583 lnoni
485 1521 653 1586 Gulielmus
669 1522 827 1589 Bumodus
849 1524 1013 1603 Episcopus
1028 1520 1211 1581 lllimatensis

267 1602 332 1664 Lib.
357 1602 372 1663 l
393 1604 440 1665 sui
460 1602 636 1676 Rationalis,
660 1604 733 1684 Cap.
757 1604 811 1667 Vl.

214 1716 218 1724 ·
306 1683 361 1745 Vl.
384 1686 472 1758 Ritus
497 1702 556 1763 quo
578 1686 714 1748 Pontifex
744 1692 791 1749 ter
817 1684 983 1747 Ecclesiam
1015 1684 1211 1749 circumiens,

215 1777 218 1790 ·
266 1773 314 1828 ter
335 1785 426 1844 super
446 1768 584 1829 liminare
605 1766 684 1829 illius
705 1788 776 1829 cum
791 1768 924 1829 interiori
947 1770 1031 1846 parte
1047 1766 1152 1827 Raeuli
1173 1763 1213 1823 sui

303 1850 405 1921 rcutit,
430 1850 458 1909 in
481 1848 618 1910 omnibus
639 1852 687 1911 vel
710 1851 922 1928 antiquissimis
940 1848 1038 1910 Libris
1059 1844 1212 1909 Pontifica-

277 1930 343 1991 ibus
364 1932 527 2009 reperitur.
544 1928 623 1991 Fuse
645 1932 730 1994 illum
755 1933 874 2011 quidem
897 1930 1036 1992 describit
1057 1936 1148 1991 vetus
1162 1926 1212 1988 Or·

265 2012 303 2073 do
317 2012 480 2073 Romanus.
498 2010 772 2083 Sacramentarinm
784 2012 814 2073 S.
833 2011 971 2089 Gregorii
994 2012 1097 2091 paucis
1115 2006 1153 2071 'se
1168 2026 1212 2068 ex·

264 2095 347 2173 pedit
367 2094 493 2164 verbis,
517 2094 590 2155 dum
613 2097 653 2155 ita
677 2097 793 2173 inquit:
818 2092 953 2155 iuduunt
969 2114 1012 2155 se
1039 2090 1212 2153 uestimentis

263 2176 368 2245 saeris,
393 2186 420 2237 et
441 2194 509 2235 eum
532 2176 671 2237 uenerint
693 2176 734 2236 ud
756 2178 866 2239 ostium
881 2174 1042 2245 Ecclesiae,
1059 2172 1210 2254 percutiat

262 2255 407 2336 Pontifex
428 2268 473 2317 ter
494 2275 582 2338 super
603 2259 745 2319 liminare
768 2256 802 2319 de
823 2257 973 2319 cambutta
999 2252 1037 2337 (1)
1068 2273 1147 2324 suu,
1171 2251 1211 2311 di·

264 2356 342 2407 cens,
366 2349 574 2417 antepartum
596 2340 819 2417 Antiphonem:
843 2338 960 2399 ,ittolite
980 2345 1082 2418 portas
1100 2334 1211 2417 priori·

164 2494 169 2502 ,
284 2438 311 2479 es
331 2432 455 2481 uestras.
480 2416 589 2481 Fusius
611 2438 683 2483 eum
706 2423 798 2481 ritum
821 2426 942 2482 enarrat
964 2415 1140 2480 Pontificale
1161 2414 1209 2493 Eg·

258 2440 340 2564 beru
363 2499 558 2562 Eborasensis
580 2502 816 2581 Archiepiscopi.
846 2499 940 2563 Multo
964 2501 1060 2563 fusius
1084 2500 1209 2578 idipsum
1235 2504 1259 2553 Ἀ

83 2584 88 2592 ’
263 2584 442 2661 exprimitur
462 2584 492 2641 in
513 2581 678 2644 Pontificali
697 2584 860 2662 Anglicano
882 2578 1210 2643 Monaslerii'Gemma·

262 2666 392 2726 ticensis.
428 2661 577 2726 Eumdem
610 2668 701 2727 ritum
733 2666 876 2729 describit
897 2661 998 2725 Codex
1030 2659 1209 2724 Pontificalis

262 2745 298 2808 tt.
323 2745 435 2809 Mariae
456 2746 613 2808 Remensis
634 2754 702 2809 ante
723 2764 816 2809 annos
837 2744 935 2809 DCCC
959 2750 1120 2817 exaratus,
1139 2760 1206 2815 ¹con·

262 2834 406 2906 sonatqne
428 2846 497 2891 cum
512 2828 625 2889 Ordine
647 2830 769 2906 antiquo
785 2828 932 2889 Romano.
950 2826 1041 2886 Trina
1063 2827 1092 2886 in
1108 2842 1207 2905 super·

262 2911 394 2973 liminari
417 2912 486 2971 ostii
504 2910 660 2989 percussio
682 2913 778 2991 signat
800 2914 922 2975 auctore
937 2906 1081 2969 Durando
1104 2908 1206 2987 triplex

260 2993 335 3074 jus,
359 2992 439 3071 quod
461 2990 548 3055 Jesus
564 2990 707 3054 'Christus
730 2994 820 3053 babet
841 2992 870 3050 in
888 2989 1029 3051 ‘Ecclesia
1050 3008 1125 3062 sua,
1150 3005 1207 3068 pro

261 3082 329 3157 pter
351 3076 429 3154 quod
462 3077 490 3135 ei
512 3074 623 3153 aperiri
646 3074 746 3135 debet.
770 3071 824 3135 Est
844 3074 924 3133 euim
958 3089 1010 3132 sua
1033 3074 1206 3141 creatione,

260 3159 469 3237 redemptione
498 3162 530 3217 et
552 3153 777 3235 glorificationis
805 3153 1011 3233 promissione.
1028 3150 1146 3215 Rursus
1161 3168 1210 3232 per

296 3314 332 3375 [ll
353 3310 502 3373 tamtum,
516 3326 563 3364 seu
577 3309 708 3364 Cambuta
721 3318 760 3363 est
772 3310 843 3377 virga
860 3308 996 3377 pastoralis
1013 3308 1206 3377 Episcopomm

262 3380 294 3433 de
312 3392 395 3444 eaque
408 3394 468 3431 voce
487 3378 663 3433 consulendus
677 3387 716 3431 est
728 3378 837 3433 Carolus
849 3378 976 3431 Duiresue
993 3378 1020 3429 in
1033 3392 1082 3429 suo
1095 3376 1205 3438 Mediae,

261 3457 285 3501 et
303 3448 411 3517 infimus
431 3448 577 3501 latinitatis
597 3448 755 3510 Glaesaria,
779 3446 825 3499 ubi
843 3446 966 3515 pluribus
984 3446 1072 3497 allatis
1096 3454 1206 3499 veterum

260 3519 419 3586 scriptorum
431 3516 503 3579 locis,
519 3516 689 3571 Cambuttom
706 3515 831 3569 baculum
852 3516 1009 3583 pastoralem
1027 3514 1206 3584 episcoporum

260 3586 408 3655 significare
427 3583 551 3639 ostendit.
1046 3623 1048 3628 .
