2567 4042
488 192 711 277 marana

120 326 176 387 sad
190 338 260 385 erm
282 322 459 383 Anastasius
480 321 728 382 Bibliothecarius
751 324 778 381 iu
801 318 866 400 ejus
881 324 938 384 vita
960 323 1073 385 niriiaru

124 408 246 467 omnino
266 407 303 468 de
317 406 383 465 -hac
404 405 634 465 remeationem
652 402 751 473 iaciat,
769 423 827 481 qua
844 406 957 467 ratione
980 407 1008 466 id
1030 408 1074 467 ai·

118 488 238 549 firmari
258 493 360 565 queat,
384 504 472 547 nemo
494 485 641 565 iutelligit.
666 485 752 554 iilud.
765 487 862 547 scium
884 488 943 567 dici
964 494 1070 565 potest,

117 570 290 647 Campanas
311 576 380 630 ante
400 568 554 629 saeculum
576 569 756 653 sextumab
778 566 910 629 Ecclesia
930 568 1075 631 Occiden-

122 655 173 713 taii
197 671 254 713 usu
274 658 411 729 receptas
425 649 534 717 inisse,
558 668 629 712 curu
645 668 682 710 ex
697 646 757 710 vm
774 650 805 710 S.
822 648 998 712 Columbani
1013 651 1075 713 rib·

121 734 219 804 tratis,
243 752 321 811 quae
343 732 469 794 Saeculo
485 738 570 793 sexto
583 738 706 793 exarata
727 732 793 798 fuit,
811 750 846 793 ac
866 742 968 809 postea
991 751 1007 792 a
1023 734 1074 793 do-

122 817 257 877 ctissimo
278 816 311 877 P.
329 813 501 875 Mabiiionio
517 815 546 873 in
562 814 662 875 iucem
676 813 753 874 edita
773 810 897 875 Socrate
906 816 1006 893 priano
1021 815 1073 875 Bc-

120 897 296 965 ncdien‘no,
315 896 563 975 deprehendatur
597 898 696 975 ipsum
717 896 772 956 sub
799 898 929 958 mediam
954 901 1071 959 noctem

116 981 438 1059 sanctimoniae
469 977 506 1037 ad
538 976 698 1055 Tampium
726 994 758 1057 sp
791 981 972 1042 contulisse.
997 988 1092 1054 cete·

121 1079 234 1138 rosque
256 1062 421 1121 monachos
452 1076 557 1120 somno
579 1060 725 1120 excitatos
753 1060 789 1118 ad
812 1061 970 1137 Tampium
993 1064 1072 1139 pari-

118 1148 168 1204 ter
188 1145 373 1209 conuenisse,
390 1149 424 1203 ut
445 1142 592 1209 Matiene,
614 1144 645 1200 in
663 1138 1003 1223 Tractare-namque
1019 1142 1072 1205 Ec-

117 1225 222 1285 'cien‘cc
243 1226 404 1305 disciplina
429 1225 464 1282 in
486 1224 606 1284 Divinis
628 1222 809 1283 celebrandis
834 1222 943 1306 Officiis
970 1223 1072 1301 Capite

120 1305 148 1367 li
170 1326 253 1368 num.
279 1306 339 1375 113
366 1313 398 1367 et
420 1302 597 1365 Franciscus
621 1304 740 1381 Pagius,
768 1304 806 1364 In
825 1306 890 1365 citu
914 1304 1073 1369 &tiniam

119 1396 195 1448 tom.
220 1392 235 1450 1
259 1406 328 1466 pag.
352 1386 413 1447 379
435 1388 591 1447 unanimes
612 1388 804 1447 conveniunt.

159 1470 214 1532 lli.
238 1470 319 1530 Finis
340 1472 378 1529 ob
392 1487 483 1546 quem
498 1469 536 1528 ab
551 1467 686 1529 Ecclesia
701 1468 921 1544 Campanarum
938 1486 1009 1531 usus
1024 1473 1070 1529 iu·

117 1554 228 1614 ductus
249 1557 314 1619 est,
341 1556 456 1611 constat
480 1549 648 1613 exduobus
669 1551 827 1615 versibus.
854 1551 906 1627 qui
931 1550 967 1611 ad
983 1552 1070 1612 Cam·

60 1685 64 1691 .
118 1652 213 1711 panas
234 1639 373 1695 sonantes
393 1630 586 1693 reseruntur:

145 1795 373 1857 tannecum
386 1814 501 1865 esrum,
515 1788 626 1873 piebem
641 1814 721 1865 coco,
738 1813 878 1874 conprcpo
896 1796 1027 1861 Cicrann

160 1880 320 1958 defunctus
330 1882 433 1957 ploro,
450 1880 583 1939 nimbum
596 1878 677 1956 sepo,
693 1877 768 1954 scuto
784 1878 895 1949 decoro.

111 2043 212 2103 Sonus
231 2040 452 2119 Campanarum
474 2041 608 2117 designat
622 2040 863 2116 praedicatorum
879 2042 1065 2102 succedam

116 2142 211 2203 panae
233 2126 314 2201 ipsae
331 2123 458 2201 mystice
471 2121 639 2199 signiiimnt
652 2138 704 2181 ora
721 2120 973 2197 praedicatorum.
989 2123 1065 2183 Con-

114 2206 244 2269 suetudo
271 2205 360 2265 daudi
382 2205 465 2281 signa
493 2204 677 2264 salutationis
700 2202 871 2281 Augciicaa
889 2203 1068 2281 Campanas·

116 2306 178 2366 quc
201 2288 335 2365 pulsandi
356 2304 444 2349 mane
465 2292 640 2362 et‘vespere
662 2285 743 2346 ducit
759 2286 904 2363 originem
921 2288 958 2346 ab
975 2284 1069 2347 Urba·

116 2389 156 2429 no
177 2369 205 2430 li
227 2365 529 2439 commoratione,
556 2372 588 2426 ut
603 2366 707 2427 fideles
732 2368 900 2431 excitentur
925 2368 962 2429 ad
978 2385 1066 2429 oran·

114 2452 186 2511 dem
212 2450 384 2531 Virginem,
408 2456 439 2511 et
459 2449 528 2529 ejus
551 2449 749 2525 patrocinium
771 2450 991 2533 implorandum
1014 2470 1068 2529 pro

115 2531 228 2594 Terrae
250 2533 375 2595 Sanctae
399 2532 634 2607 recuperatione.
659 2529 726 2591 Mos
747 2532 803 2593 iste
825 2534 863 2592 ab
884 2533 1003 2594 Urbano
1027 2535 1067 2592 in·

112 2616 236 2677 stitutus
257 2616 374 2677 abierat
393 2609 423 2674 in
446 2612 693 2674 desuetudinem:
719 2619 750 2672 at
764 2631 782 2672 a
796 2613 943 2691 Gregorio
959 2614 1000 2675 IV
1015 2634 1064 2675 au·

115 2716 153 2758 uu
175 2695 256 2756 1236
278 2703 439 2759 renovatus
460 2702 516 2764 est,
540 2701 571 2755 et
593 2694 697 2755 iisdem
717 2694 888 2773 Campanae
903 2699 994 2777 signis
1015 2716 1067 2757 ro·

115 2778 171 2839 iuit
192 2779 315 2839 excitari
336 2776 440 2838 fideles
460 2777 497 2837 ad
513 2777 659 2837 orandum
682 2782 713 2835 et
735 2777 955 2854 implorandum
971 2786 1070 2853 patro

114 2862 225 2921 ciuium
248 2859 442 2923 Beatissimae
456 2858 590 2935 Virginis
611 2864 716 2925 contra
738 2868 947 2934 persecutores
962 2860 1068 2922 Eccle-

113 2943 197 3011 siae,
220 2943 271 3018 qui
292 2949 364 3003 tunc
384 2943 530 3018 vigebant¹
557 2941 764 3017 vexabantquc
787 2938 903 3003 fideles.
931 2943 1067 3004 Postmo-

111 3025 186 3085 dum
207 3040 285 3084 auno
307 3022 387 3083 1i56
400 3022 539 3085 Caiiistus
561 3020 606 3081 iii
628 3023 667 3082 ad
682 3023 907 3096 reprimendum
927 3026 1067 3085 iurarem
1104 3068 1112 3087 .

111 3105 285 3167 Tuscorum
299 3106 499 3166 obsidentium
512 3102 689 3179 Huugariac
704 3103 853 3183 Regnum,
869 3106 1003 3168 decrerit
1021 3124 1068 3167 re·

111 3187 300 3255 currendum
325 3202 390 3247 esse
421 3187 457 3247 ad
480 3185 617 3264 ejusdem
637 3186 689 3247 SS.
713 3185 845 3263 Virginis
868 3189 1014 3255 tutelam,
1038 3192 1070 3248 et

112 3267 300 3332 confirmatis
328 3268 428 3345 signis'
446 3268 631 3329 salutationis
658 3268 844 3346 Augeiicae,
871 3271 984 3331 addidit
1009 3277 1069 3331 ter-

113 3353 210 3421 tium,
232 3351 404 3426 edixitque,
428 3356 464 3411 ut
484 3351 575 3411 etiam
597 3351 723 3411 meridie
745 3348 969 3427 Campanarum
985 3353 1066 3431 signa

112 3435 266 3495 darentur.
290 3431 350 3493 Ter
376 3433 423 3493 die
444 3432 597 3509 praedicta
618 3434 703 3510 signa
729 3432 794 3493 dari
823 3434 1069 3495 convenientissi-

114 3534 163 3576 me
193 3516 457 3582 institutum‘est‚
479 3532 593 3580 mane,
624 3514 770 3584 maridis,
801 3519 832 3576 et
864 3535 1011 3596 vespere,
1037 3520 1070 3576 ut

113 3598 283 3677 praecipuis
296 3596 381 3659 horis
396 3596 454 3658 diei
468 3595 630 3659 cuiuslibet
644 3595 870 3677 Redemptionis
885 3598 1068 3679 Mysterium
