2567 4042
445 207 650 281 eram'idffl·

77 335 246 408 Canopico,
272 336 320 398 rel
343 336 449 399 saltem
482 337 638 417 publicum
661 338 864 401 testimonium
896 338 1025 418 alicujus

77 420 255 480 Academiae
275 418 449 480 exhibeant.
741 422 743 427 '
1018 451 1021 459 ·

112 499 165 561 lll.
190 500 314 563 Certior
335 502 372 561 de
387 502 485 562 Electi
499 502 528 560 in
543 500 728 581 Episcopum
744 502 908 561 virtutibus
928 502 1026 563 iactus

76 583 348 659 Metropolitanus,
374 583 578 662 interrogabat
600 584 719 646 tandem
743 582 1023 655 archidiaconum,

75 684 108 723 an
129 665 261 725 baberet
273 666 443 726 Decretum.
461 665 624 735 electionis,
640 682 738 743 eoque
761 682 793 727 so
815 664 889 725 illud
911 665 1024 726 habere

75 747 283 825 respondente,
300 748 432 825 rogabat·
442 749 541 807 statim
562 753 596 809 ut
617 749 780 826 legeretur.
797 744 909 807 Forma
931 746 1025 825 hujus

74 828 189 889 Deoreli
213 830 338 888 tametsi
361 830 390 887 in
406 828 509 889 multis
530 831 661 906 antiquis
673 828 896 890 Pontificalibus
919 830 1025 890 eadem

73 911 107 971 sit
119 928 154 972 ac
168 912 236 988 ipsa
255 911 285 969 iu
300 916 403 971 nostro
417 909 553 970 Romano
576 911 738 989 descriptas
761 913 790 970 in
805 917 912 972 vetere
923 918 1025 973 tamen

71 992 201 1053 Romano
212 990 332 1052 Ordine
347 994 478 1070 atqueiu
488 992 556 1053 aliis
571 995 721 1054 nonnullis
732 993 821 1052 aliter
836 1011 868 1053 se
880 992 1022 1055 habebat.

71 1073 156 1135 be‘clo
166 1074 313 1141 Deorum,
331 1074 522 1135 consuevisse
537 1073 803 1153 Metropolitanum
827 1092 893 1135 eam
910 1076 947 1136 ad
964 1075 1022 1135 Ar·

71 1157 279 1217 chidiaconum
301 1156 535 1217 admonitionem
557 1155 679 1225 iacere,
707 1153 806 1219 Videte
828 1175 864 1215 nc
885 1158 1021 1239 ntiquom

66 1238 295 1315 promissionem
316 1238 396 1298 uobis
406 1238 511 1315 feccrit
525 1244 605 1308 etc.;
629 1239 738 1299 docent
759 1237 882 1313 quidem
905 1235 1019 1317 antiqui

71 1320 147 1381 libri
173 1317 391 1386 Pontificales,
420 1321 499 1381 inter
524 1338 600 1396 quos
632 1326 720 1381 vetus
745 1317 829 1378 Ordo
850 1320 1016 1381 Romanus.

70 1402 159 1464 Vetus
181 1407 231 1463 est
254 1401 408 1461 Ecclesiae
428 1400 609 1479 disciplina,
633 1408 667 1468 ut
689 1401 858 1462 exhibitum
881 1402 936 1461 sibi
960 1402 1022 1463 cle-

71 1486 170 1547 ctionis
191 1484 359 1543 Decretum
381 1500 442 1542 uua
464 1500 533 1544 cum
549 1481 655 1545 Electo
677 1489 745 1544 aute
767 1486 1021 1545 consecrationem

71 1566 321 1644 Metropolitanus
342 1563 501 1640 diligenter
522 1568 725 1634 examinarem
749 1564 908 1641 aliquando
927 1566 1022 1627 etiam

70 1648 96 1706 id
117 1666 174 1709 nna
195 1664 270 1708 cum
292 1664 366 1707 suae
387 1645 570 1708 Provinciae
579 1644 736 1725 Episcopis
757 1651 871 1723 ageret.
890 1644 1022 1709 interro·

22 1781 28 1803 ‚
73 1733 215 1805 gatioues,
241 1744 319 1804 quae
343 1727 473 1789 Sabbato
496 1730 562 1805 ipso
582 1746 620 1788 ex
635 1725 853 1789 Pontifiealium
876 1730 1022 1807 praescri·

23 1877 26 1882 ⁴
72 1818 120 1886 pto
146 1828 167 1871 a·
186 1810 424 1886 Metropolitauo
455 1810 493 1869 ad
516 1808 653 1870 Electum
686 1809 821 1879 fiebant,
846 1813 1031 1890 spectabant·

71 1895 189 1967 quidem
213 1891 381 1958 electionis,
398 1897 429 1952 et
450 1893 538 1952 electi
559 1889 701 1972 Episcopi
723 1908 866 1965 eramen,
886 1910 953 1953 nam
976 1895 1021 1955 in·
1045 1893 1053 1901 '

72 1975 287 2053 terrogationes
308 1974 346 2035 de
368 1970 454 2044 Fide,
478 1974 526 2043 die
549 1976 612 2051 ipsa
634 1972 838 2033 Ordinationis
860 1981 928 2036 aute
948 1972 1021 2037 Mis-

71 2070 128 2117 sam
143 2055 298 2117 iaciendas
312 2074 389 2127 esse,
405 2056 435 2115 iu
450 2056 565 2116 cunctis
579 2054 801 2116 Pontificalibus
817 2054 916 2116 Libris
932 2074 1020 2131 prae·
1105 2050 1109 2057 ’

70 2140 217 2200 scribitur.
243 2135 366 2199 Constat
387 2140 506 2214 itaque,
522 2153 643 2215 semper
657 2136 825 2197 Ecclesiam
849 2136 941 2198 luisse
956 2140 1021 2199 val·

70 2219 102 2279 de
121 2221 307 2286 sollicitam,
337 2223 373 2279 ut
399 2224 472 2278 anto
490 2205 716 2285 Orodationem
729 2218 948 2298 *Ministrorum
972 2236 1019 2281 se·
1095 2280 1099 2289 ,

69 2302 142 2362 rium
164 2310 257 2379 atque
278 2304 420 2360 exactum
442 2300 479 2359 de
499 2302 661 2369 moribus,
686 2301 807 2361 scientia
831 2308 861 2362 et
883 2300 942 2361 lide
964 2300 1018 2361 Or·

70 2382 275 2447 dicandorum,
289 2382 478 2461 potissimum
498 2383 529 2440 iu
544 2382 719 2459 Episcopos‚
743 2398 869 2443 examen
882 2382 1019 2444 institue·

70 2471 164 2538 retur3
188 2464 326 2539 adeoque
349 2463 426 2524 ritus
439 2463 490 2522 hic
511 2481 549 2524 ex
569 2463 693 2524 Petrum
716 2462 873 2525 traditione
896 2465 1018 2525 descen-

71 2544 135 2608 dere
155 2552 241 2609 recte
263 2546 399 2616 dicitnr,
429 2544 473 2605 uti
496 2546 637 2605 observat
657 2544 861 2622 Van-Espen‚
891 2544 980 2607 Parte
1003 2545 1018 2608 1

71 2624 145 2689 luris
158 2627 365 2689 Ecclesiastici
385 2626 529 2695 universi,
547 2627 607 2688 Tit.
620 2625 682 2687 XV
703 2624 776 2701 Cap.
794 2625 837 2685 lll
852 2624 945 2687 Num'.
961 2626 1017 2689 v1.

72 2704 163 2771 Prima
188 2713 218 2771 in
239 2708 354 2769 Ordine
375 2708 500 2783 antiquo
521 2708 657 2769 Romano
679 2710 715 2768 ad
732 2706 878 2770 Electum
893 2710 1019 2771 interro·

72 2794 145 2866 gatio
158 2792 386 2867 Metropolitaui
408 2789 485 2849 haec
500 2794 577 2851 erat:
597 2788 681 2865 Quid
690 2802 720 2851 tc
734 2790 871 2869 [utipanti
885 2788 1017 2853 Frotcrl

75 2871 116 2931 lu
135 2892 230 2953 quam
252 2873 302 2933 ille
324 2873 366 2932 sic
387 2872 609 2949 respondebat:
634 2869 683 2929 Ad
705 2871 792 2951 pund
805 2871 870 2930 non'
885 2892 950 2933 sont
973 2872 1020 2932 di-

73 2972 160 3029 pnor,
182 2958 237 3017 isti
257 2954 424 3032 confamuli
443 2956 504 3015 mci
524 2972 569 3013 mc
590 2951 798 3013 adducerent.

106 3034 159 3097 lv.
183 3037 316 3099 Cautum
331 3040 378 3096 est
399 3052 437 3096 ex
457 3035 596 3111 plurimis
617 3031 724 3110 priscis
746 3052 842 3111 aeque
865 3050 899 3093 ac
914 3051 1020 3097 recen·

75 3115 314 3181 tioribus·l.ibris
334 3113 580 3190 Pontificalibus,
604 3117 676 3193 quin
699 3124 729 3178 et
750 3134 788 3176 ex
811 3116 874 3193 ipso
897 3118 1018 3193 antiquo

74 3192 201 3263 Romano
224 3199 337 3260 Ordine
359 3197 439 3275 apud
461 3195 674 3275 Hittorpium,
697 3204 731 3259 ut
753 3202 928 3258 consecrato
948 3195 1016 3275 Epi·

75 3276 1018 3439 tlt?.l¹.iiz⁰tibitdttlbttttitillabit

76 3450 147 3504 recte
168 3442 393 3506 instituendam.
406 3441 504 3503 Vetus
525 3440 608 3501 Ordo
621 3441 785 3503 Romanus
806 3460 824 3502 a
844 3440 1017 3505 Mobillouio
1069 3483 1073 3493 .

78 3523 166 3587 editus
179 3532 248 3606 post
263 3524 422 3587 nonnullas
435 3524 686 3601 interrogationes
701 3522 925 3604 acchiepiscopi
941 3523 1016 3585 Cou-

77 3609 238 3680 necratoris,
261 3608 299 3668 ad
321 3624 398 3687 quas
417 3606 604 3686 respondere
624 3604 798 3687 singulatim
819 3607 934 3670 solebat
947 3605 1028 3686 Epi·-
