2567 4042
466 212 688 285 *titolo

115 357 218 418 puram
238 346 268 399 et
288 339 430 400 dudema·
440 339 530 419 Regis
544 340 649 403 eodem
664 340 786 407 ··bonore
798 356 871 401 eum
887 338 968 418 llege
980 340 1053 401 ado·

112 421 270 490 rumliaco
289 421 366 483 haec
387 439 446 481 non
459 423 622 485 subsistant
643 424 672 481 in
689 422 793 485 eadem
808 422 962 502 hypostasi
983 439 1053 483 cum

112 504 199 580 Rege
224 502 321 581 lgitur
342 509 374 565 et
388 501 474 564 Crux
487 504 611 573 Christi,
627 504 699 566 lieet
713 502 831 564 Christo
854 521 911 563 non
933 506 971 565 sit
985 521 1055 565 cou-

112 584 192 664 jucta
215 584 420 662 hypostatice,
444 587 550 653 eadem
571 605 641 656 cum
665 586 716 647 illo
739 582 913 651 adoratione
932 584 1055 646 colenda
1089 642 1092 647 .

112 664 280 739 erit.·Quod
302 674 404 728 autem
418 664 501 728 Crux
521 668 599 744 ipsa,
609 668 678 729 sive
694 666 821 744 simplex
841 667 890 739 sit,
907 668 970 727 sire
984 684 1055 727 cum

113 746 251 820 Crucilixi
271 749 412 825 imagine,
430 750 507 810 sicut
526 755 558 810 et
579 749 654 812 aliae
670 750 814 829 imagines
829 765 945 817 sacrae,
962 750 1054 808 stne-

112 836 218 892 tustate
231 836 371 909 corrupta
386 831 477 893 luerit
489 836 522 894 et
535 834 671 911 reparari
686 851 745 894 non
759 832 859 909 possit,
872 828 1055 891 absumenda

113 914 150 974 sit
169 911 254 991 igni,
276 918 307 973 et
328 913 444 975 cineres
464 915 493 975 iu
514 912 687 975 Sacrarium
708 912 923 993 projiciendam
947 912 1053 974 deduci

109 1000 206 1074 'potest
227 1011 265 1054 ex
287 994 397 1054 celebri
420 994 562 1063 Cauoue,
586 993 703 1075 Liparo,
728 1002 759 1057 et
780 994 897 1057 Canope
920 990 1052 1064 ,illenim
1104 1065 1108 1072 Ι

113 1076 155 1136 Dc
184 1075 409 1152 Consecrotionc
441 1078 639 1141 Distiuctioue
664 1077 690 1138 l.
721 1077 836 1151 Quibus
868 1076 943 1137 adde
975 1075 1056 1154 quod

112 1157 247 1219 eamdem
269 1174 333 1219 rem
355 1160 458 1222 statuit
478 1158 509 1220 S.
527 1158 653 1222 Carolus
677 1162 707 1219 in
727 1156 1055 1219 Concilio-Provinciali

112 1239 323 1301 Mediolanensi
343 1239 386 1301 lv
408 1240 511 1317 Capite
533 1244 687 1320 inscripto:
713 1241 756 1302 Dc
777 1242 872 1303 sooria
887 1238 1053 1320 Reliquiis,

112 1320 266 1383 aaronis
287 1330 315 1381 ct
337 1318 536 1401 lotopinibna.
647 1357 649 1365 s
700 1372 707 1387 .
844 1384 845 1389 ,
1086 1374 1088 1397 ,

154 1401 206 1462 lV.
228 1403 375 1475 Materia,
394 1423 449 1468 seu
469 1406 643 1467 subiectum
664 1402 756 1481 hujus
778 1403 989 1465 benedictionis
1010 1409 1057 1465 est

114 1485 263 1561 qrraelibet
282 1483 375 1555 Crux,
391 1504 429 1547 ex
450 1489 556 1561 quavis
578 1486 703 1547 materia
725 1486 840 1545 decenti
863 1484 1008 1553 conlecta,
1025 1490 1056 1545 et

113 1570 182 1642 apta
198 1568 232 1626 ad
247 1569 529 1645 repraesentandam
543 1568 671 1631 Crucem
685 1564 806 1627 Christi.
823 1562 965 1627 formula
980 1564 1057 1643 ejus,-

114 1650 183 1709 dem
205 1648 417 1711 benedictionis
437 1650 566 1711 habetur
581 1652 619 1710 *iu
632 1647 797 1711 Pontificali
818 1654 850 1713 et
869 1648 980 1709 lliluali
994 1646 1055 1707 Ro·
1171 1719 1175 1729 .

86 1774 90 1777 -
115 1748 217 1791 mano.
230 1729 375 1791 ,Minister
396 1736 442 1792 est
455 1731 632 1811 Episcopus,
649 1730 697 1791 vel
719 1730 862 1793 Sacerdos
883 1730 920 1791 de
940 1729 1007 1809 ejus
1022 1728 1057 1787 li-

113 1814 222 1873 centia.
241 1810 373 1873 Tandem
395 1831 485 1876 causa
508 1812 603 1875 finalis
623 1820 670 1876 est
690 1812 923 1893 repraesentatio
944 1814 1057 1889 myste-

113 1895 233 1954 riorum
250 1892 453 1962 crucifixionis
476 1895 547 1955 lesu
569 1895 692 1959 Christi,
712 1900 742 1955 et
764 1896 903 1955 excitatio
923 1892 1057 1959 fidelium

1 2037 8 2063 ·
117 1975 156 2036 ad
178 1975 354 2038 adorandam
376 1983 408 2039 et
428 1978 668 2056 amplectendam
689 1973 826 2045 Crucem,
843 1974 981 2053 exemplo
994 1966 1056 2033 Sal·¹

114 2058 235 2119 vaurts.
257 2056 303 2119 De
322 2058 476 2137 Mysteriis
498 2063 529 2117 ct
549 2056 746 2125 documentis,
770 2075 846 2135 quae
868 2058 1055 2119 continentur
1150 2080 1152 2095 ·

39 2142 42 2146 ’
112 2141 145 2199 iu
167 2138 315 2200 salulilera
347 2146 379 2201 et
398 2140 584 2200 sanctissima
605 2135 704 2201 Cruce
726 2136 837 2203 Christi
859 2138 978 2199 Domini
994 2137 1056 2197 pu.

113 2221 251 2283 colenter
270 2224 453 2301 scripserunt
473 2222 669 2299 quamplures
687 2226 838 2290 auctores,
856 2238 937 2297 quae·
955 2218 1055 2287 ornnia

111 2304 202 2364 valde
223 2303 366 2378 prolixum
388 2308 468 2365 esset
487 2303 535 2363 hic
557 2319 726 2374 recensere;
750 2320 846 2379 quare
867 2302 973 2363 solum
988 2301 1056 2363 bre÷

111 2386 192 2447 viter
221 2381 263 2443 bb
292 2385 499 2446 adnotabimus
516 2401 588 2456 ·ea,
612 2403 689 2461 qrrae
721 2402 760 2445 ax
781 2380 896 2445 Sanctis
916 2382 1053 2444 Patribus

112 2465 235 2527 erudite
263 2467 379 2545 collegit
404 2467 437 2528 S.
467 2463 600 2527 Thomas
626 2464 671 2527 lll
694 2471 779 2545 parte
808 2470 923 2543 quaest.
954 2460 1055 2535 XLVI

113 2554 176 2608 art,
192 2546 234 2607 lV
256 2548 303 2608 rbi
318 2565 467 2627 quaerens
488 2565 526 2607 au
541 2545 680 2611 Christus
697 2548 837 2609 debuerit
850 2548 910 2626 pati
936 2548 965 2607 in
980 2546 1055 2617 Cru-

114 2647 163 2701 ce,
188 2628 331 2706 sapienter
354 2648 409 2691 suo
431 2645 515 2690 more
536 2629 666 2705 explicat
688 2630 856 2707 praecipua
870 2628 974 2691 Crucis
994 2646 1057 2707 my,

110 2711 223 2773 :steria
247 2706 349 2773 Primo
364 2729 436 2789 ergo
458 2709 596 2771 Christus
612 2711 759 2773 Dominus
777 2711 1056 2772 convenientissime

113 2793 210 2870 elegit
230 2788 351 2856 Crrceru
374 2793 403 2855 iu
423 2793 657 2853 instrumentum
678 2793 883 2872 praecipuum,
901 2792 1055 2869 magisque

113 2876 317 2953 insignesuae
339 2874 482 2951 passionis
514 2877 546 2934 et
576 2875 704 2943 mortis,
728 2878 762 2935 ut
782 2875 840 2935 hoc
861 2874 960 2935 medio
983 2878 1058 2935 lam·

115 2974 211 3033 quarn
226 2946 317 3033 taput
331 2954 506 3035 idartyrum.
523 2972 593 3015 suos
614 2954 776 3034 discipulos
805 2972 971 3033 omnesque
983 2952 1057 3015 alios

113 3038 237 3099 tuturos
249 3037 399 3117 Martyres
430 3037 577 3103 animaret
598 3036 635 3096 ad
658 3038 848 3099 tolerantiam
881 3035 1055 3113 quatumvis

112 3119 283 3199 passionum
304 3125 336 3181 el
355 3119 490 3198 cujusvis
512 3120 630 3196 generis
646 3118 810 3197 supplicii,
834 3120 922 3179 etiam
944 3119 1056 3185 summi

112 3200 265 3281 opprobrii
285 3207 317 3263 et
335 3198 472 3271 doloris,
495 3198 584 3277 quale
606 3207 652 3263 est
673 3202 853 3280 supplicium
875 3199 990 3270 Crucis,
1013 3204 1058 3263 at·

112 3300 178 3361 que
199 3299 247 3345 sur
260 3283 398 3361 exemplo
420 3281 562 3344 redderet
582 3301 633 3347 eos
648 3282 825 3361 impavidos.
850 3281 986 3344 Secundo
1007 3298 1056 3344 ro·

116 3365 180 3426 luit
200 3360 329 3427 Christus
354 3382 411 3442 per
431 3364 559 3427 Crucem
582 3374 676 3443 genus
698 3363 864 3427 humanum
886 3364 1054 3437 redimere,

120 3453 160 3508 ut
181 3446 236 3507 sati
257 3448 335 3507 actio
356 3446 645 3515 esset'conranlens,
662 3450 693 3507 et
713 3448 937 3525 proportionata
953 3444 1058 3523 culpae

115 3528 216 3605 primi
251 3528 364 3591 arentis
384 3527 479 3589 nostri
495 3525 590 3598 Adae,
614 3530 645 3589 et
667 3528 779 3589 eisdem
794 3530 887 3590 armis
905 3524 1060 3589 diabolum·

112 3611 260 3681 ‚vinceres
285 3608 393 3687 quibus
415 3610 479 3688 ipse
498 3610 631 3687 primum
645 3608 805 3675 ,hominem
824 3609 967 3678 laeserat,
980 3607 1057 3685 liguo
