2567 4042
615 188 758 258 &3288
780 197 841 258 mtto

251 320 433 382 montorium
455 317 487 378 S.
509 317 650 398 Gregorii
671 317 781 397 Papae.
807 317 909 398 Hujus
931 320 1007 379 ritus
1029 320 1203 396 expiratio-

250 419 319 463 nem
342 401 433 462 atiert
452 397 593 464 Rabanus
608 401 735 462 Maurus
756 400 820 462 Lib.
837 400 851 461 I
873 401 909 460 de
930 399 1120 462 Institutione
1137 402 1205 466 Cle-

250 487 384 546 rieorum
395 480 468 560 Cep.
477 481 530 542 27.
545 480 673 561 Ilnpitur
682 484 789 560 inquit,
799 483 944 563 siquidem
955 483 1155 564 baptizandus
1166 484 1203 544 in

245 576 376 648 pretore,
399 583 435 624 ne
457 567 572 626 lateant
591 568 626 626 in
649 584 680 626 ee
699 566 781 626 ullos
802 566 922 626 inimici
942 565 1099 645 reliquiae,
1112 568 1203 646 dtqite

249 650 331 710 inter
353 648 498 723 scapulos,
515 657 550 707 ut
570 646 703 726 undique
724 647 894 716 muniatur,
912 657 939 708 et
955 646 999 706 'ed
1018 649 1095 708 tone
1111 657 1205 728 opero

248 728 388 810 sumendo
406 745 463 807 per
477 727 533 788 Dei
553 729 685 807 pretium
706 730 873 790 roboretur.
891 731 935 792 De
957 729 1065 790 eodem
1079 732 1141 790 ritu
1159 730 1202 790 sic

247 813 383 889 quuitur
405 809 659 888 InnocentiusIII
681 809 754 890 Cap.
783 811 860 873 Cum
879 813 1022 881 uenisset,
1046 811 1089 871 De
1110 831 1203 874 sacru

254 893 402 960 tinctione,
427 893 515 972 eujus
538 893 612 952 haec
634 897 703 954 sunt
716 894 831 956 verba:
857 893 897 952 In
913 897 1204 974 pectorebcptizan-

250 975 305 1036 dus
327 974 514 1052 inungitur,
538 983 574 1034 nl
595 993 650 1053 per
671 975 774 1036 Sancti
788 975 920 1054 Spiritus
943 974 1053 1040 donum
1075 977 1201 1056 objiciet

245 1075 382 1117 errorem
398 1065 426 1116 et
439 1057 655 1134 ignorantiam,
673 1067 700 1117 et
713 1061 857 1134 suscipiet
879 1057 965 1138 fidem
980 1069 1112 1118 rectem:
1127 1059 1204 1137 quie

249 1135 354 1199 Iustus
377 1156 414 1197 en
428 1137 485 1217 fide
506 1139 590 1199 uiuit.
604 1138 687 1199 Inter
702 1141 848 1220 scopulos,
864 1149 898 1200 ut
906 1157 964 1218 per
977 1136 1110 1219 Spiritus
1123 1141 1203 1202 Sen-

248 1221 293 1282 otr'
313 1220 445 1298 pretinm
469 1221 604 1282 enuntiat
625 1221 835 1299 negligentiam
860 1232 887 1282 et
907 1229 1079 1300 torporem,
1104 1230 1130 1280 et
1152 1223 1202 1282 bo·

175 1319 177 1324 ’
249 1319 320 1364 nom
344 1301 541 1382 operationem
569 1313 730 1363 enerceut:
758 1303 830 1382 puin
851 1298 938 1370 Fides
969 1303 1033 1362 sine
1061 1305 1200 1381 operibus

248 1394 367 1446 mortuo
389 1390 441 1454 est,
459 1392 493 1444 ut
511 1403 567 1463 per
581 1380 667 1444 Fidei
684 1385 913 1446 Sacramentum
934 1384 973 1444 sit
987 1383 1138 1444 munditie
1155 1391 1201 1445 eu'-

248 1467 430 1546 pitationum
449 1469 486 1524 in
503 1475 631 1544 pectere,
650 1476 677 1527 et
701 1487 756 1546 per
771 1468 868 1546 operis
890 1466 1067 1526 exercitium
1087 1467 1126 1526 sit
1141 1466 1201 1544 for·

246 1547 341 1612 titudo
362 1547 498 1607 lotorum
518 1547 554 1606 in
574 1549 713 1628 scapulis,
731 1557 877 1628 quatenus
892 1545 981 1608 Fides
999 1567 1054 1627 per
1070 1547 1196 1610 dilectio·

247 1649 335 1699 nem,
358 1628 521 1689 secundum
536 1627 730 1710 Apostolum,
763 1639 910 1706 operetur.
935 1631 974 1690 Et
994 1631 1123 1707 Magnus
1146 1629 1199 1700 Se·

196 1781 198 1785 ,
247 1711 385 1772 nonensis
408 1709 662 1788 archiepiscopus
683 1712 713 1770 in
734 1711 859 1772 Libello:
882 1711 917 1770 de
939 1709 1198 1792 MysterioBcpti·

245 1793 356 1861 ornetis,
378 1791 465 1870 jussu
488 1789 588 1853 Caroli
610 1791 711 1870 Magni
731 1794 827 1859 edito,
851 1794 893 1852 sic
915 1794 1036 1868 inquit:
1063 1791 1198 1872 llnpitur

246 1893 313 1938 nero
333 1882 444 1954 pectus,
472 1883 505 1933 ut
530 1878 613 1954 sipne
636 1875 742 1938 Crucis
767 1875 881 1937 Christi
907 1875 1089 1936 excludatur
1109 1875 1197 1936 Sato-
1265 1908 1266 1933 1

244 1975 301 2018 noe
315 1958 467 2026 introitus,
486 1965 512 2023 et
525 1967 654 2036 peretur
666 1958 817 2037 ingressus
832 1955 1105 2019 ClsristoDomino.
1123 1953 1196 2016 Sco·

241 2039 333 2121 putee
352 2047 450 2098 autem
472 2039 641 2117 signentur,
665 2051 698 2101 nt
718 2039 852 2118 undique
873 2037 1022 2116 Templum
1038 2039 1100 2098 II'eo
1115 2037 1199 2099 dico·
1265 2092 1266 2097 ,

245 2131 321 2189 tum,
347 2121 382 2180 ab
402 2123 488 2179 omni
512 2117 642 2182 Sutunue
664 2122 875 2204 impedimento
896 2122 1068 2184 muniatur.
1265 2136 1266 2139 ’

285 2201 342 2262 ΙΧ.
360 2201 404 2263 De
423 2203 655 2280 interrogatione
679 2207 759 2265 circa
773 2203 880 2263 Fidem
908 2202 1106 2280 ejusdemque
1122 2220 1192 2279 pro

243 2283 397 2356 iussione,
422 2281 510 2360 cujus
533 2286 607 2345 ritus
630 2288 740 2362 passim
762 2304 821 2345 non
842 2285 932 2344 modo
954 2286 1065 2361 antiqui
1087 2285 1196 2344 Sacra-

243 2372 415 2427 mentorum
430 2365 557 2434 codices,
581 2366 632 2427 sed
655 2373 686 2428 et
708 2368 809 2428 Sancti
824 2366 928 2427 Patres
950 2369 1133 2426 mentionem
1157 2366 1197 2426 ia·

244 2441 338 2516 ciunt.
363 2445 487 2524 Insignis
517 2455 563 2509 est
590 2467 626 2509 eo
649 2450 686 2509 de
708 2451 770 2510 ritu
790 2449 875 2509 locus
896 2446 935 2529 lin
955 2448 1089 2525 Epistola
1105 2447 1195 2508 Lxx

241 2530 272 2591 S.
290 2526 430 2608 Cypriani
452 2529 489 2588 ad
511 2528 687 2591 Ianuarium
709 2536 740 2592 et
761 2538 878 2592 ceteros
902 2529 1064 2608 Episcopos
1084 2529 1193 2591 Numi·
1265 2546 1266 2559 ³

242 2613 319 2682 diae,
342 2611 380 2670 de
403 2611 585 2688 baptizandis
607 2613 790 2682 haereticis,
814 2613 864 2674 ubi
887 2613 929 2672 sic
950 2613 1060 2689 inquit:
1084 2611 1142 2674 Sed
1166 2620 1192 2672 et

239 2696 307 2774 ipso
327 2694 548 2772 interropetio,
576 2714 651 2774 qaue
672 2695 705 2776 fit
727 2697 762 2755 in
776 2694 949 2775 capetano,
974 2695 1052 2754 testis
1074 2703 1117 2756 est
1142 2714 1189 2754 ue·

243 2776 356 2839 nitetis.
371 2772 452 2836 Num
474 2792 542 2835 cum
563 2776 713 2854 dicimus:
737 2775 843 2839 Credis
863 2779 898 2838 iu
914 2777 1192 2847 viromadensium

242 2867 270 2919 et
292 2857 492 2921 remissionem
509 2870 702 2936 peccatorum
719 2878 776 2940 per
791 2857 934 2919 Sensim
949 2855 1130 2920 Ecclesiam?
1144 2861 1190 2919 tn-

241 2939 401 3016 tellipimus
421 2938 624 3002 remissionem
650 2951 841 3020 pcccatorum
863 2939 982 2999 nonnisi
1002 2942 1035 3000 in
1059 2938 1189 3001 Ecclesia

244 3020 324 3082 duri
348 3017 456 3081 Varias
479 3019 687 3100 hujuscemodi
709 3022 999 3098 interrogationum,
1023 3024 1189 3099 responsio·

242 3121 375 3180 numque
398 3103 434 3164 de
449 3100 522 3162 Fide
544 3103 686 3165 formulas
709 3107 738 3164 in
760 3103 903 3182 Baptismi
920 3105 1186 3172 administratione,

244 3203 282 3246 er
303 3185 432 3262 antiquis
454 3184 630 3248 Sanctorum
653 3184 932 3264 Martyrum'Actis
963 3185 1120 3263 Librisque
1142 3187 1190 3247 Ri-

240 3266 371 3328 tuaIIbus
401 3273 437 3328 et·
453 3265 676 3329 pontificatibus
708 3275 845 3330 recenset
865 3268 1001 3328 Martene
1022 3269 1087 3329 Lib.
1112 3268 1127 3329 1
1148 3269 1190 3328 Ile

238 3349 372 3427 antiquis
393 3347 540 3409 Ecclesiae
562 3349 693 3422 Iiititrus,
720 3349 795 3426 Cup.
813 3351 835 3410 I
843 3347 981 3411 Articute
995 3348 1082 3410 XIII
1100 3369 1182 3410 num.

238 3427 324 3491 XIV.
340 3428 532 3508 Quemquam
554 3449 627 3492 vero
649 3433 679 3491 in
701 3432 839 3493 omnibus
857 3429 1120 3493 sacramentorum
1135 3433 1182 3492 Ii-

237 3510 300 3570 bris
322 3514 503 3589 praescripta
524 3514 695 3588 reperiatur
716 3515 909 3592 interrogatio
931 3515 968 3577 de
988 3513 1082 3582 Fide,
1105 3513 1181 3593 ejus·

237 3609 297 3670 que
312 3592 454 3672 professio
469 3599 538 3657 ante
553 3593 749 3674 Baptismum,
765 3598 882 3658 variant
903 3601 1003 3661 nmen
1026 3616 1083 3657 non
1099 3595 1184 3663 nihil,
