2567 4042
497 191 721 263 widiom-

126 332 196 387 tem
219 322 329 401 prirno,
352 321 472 399 quando
492 323 535 383 ita
548 320 725 400 frangitur,
756 326 791 383 ut
812 320 842 383 in
864 330 950 408 parte
971 323 1088 401 integra

124 408 263 482 nequeat
283 404 414 482 amplius
428 402 512 465 Calin
533 420 604 464 cum
615 404 727 465 Pataua
743 404 891 465 contineri
905 404 979 483 Cap.
1000 400 1087 478 Quod

120 489 167 548 in
186 484 296 553 dubita
322 484 397 563 Cap.
420 483 616 566 Proposuisti,
639 484 711 563 Cap,
728 478 848 563 Bpaeis
869 484 904 545 de
923 485 1087 551 Consecra-

127 568 210 629 ts'oae
221 563 382 629 Ecclesiae.
398 566 492 628 &cus
506 584 593 637 aero,
609 567 729 644 quando
751 564 920 629 notabiliter
935 586 992 629 non
1006 564 1089 627 tran·

119 649 225 726 gitur:
241 646 483 726 qnandoquidem
505 648 605 709 adbuc
620 654 757 711 remanet
771 649 965 710 commodum
983 648 1021 709 ad
1035 646 1087 709 Sa·

125 726 304 800 orificium,
334 730 498 807 adhucque
528 746 617 790 suam
646 731 756 792 retinet
788 729 930 791 sormam.
959 729 1088 805 Quando

126 810 239 872 Altarc
260 813 290 872 in
312 810 416 888 plures
437 816 540 889 partes
561 809 721 893 frangitur,
744 810 882 873 notabilis
900 816 946 873 est
968 810 1085 878 tractio,

117 892 267 969 adeoque
298 898 477 954 execratum
510 900 659 953 remanet.
690 892 767 955 ltcm
799 900 960 955 execratur
983 890 1089 953 Altare

123 990 185 1052 per
208 974 287 1035 itlius
309 976 505 1043 amotionem,
522 972 596 1052 Cap.
621 973 657 1035 st
677 984 791 1035 motam
809 976 849 1037 19
871 974 906 1034 ds
924 974 1087 1037 Consecra-

118 1056 209 1129 cs'om
229 1055 307 1116 virt.
324 1054 353 1115 1.
375 1053 449 1133 Cap.
473 1054 488 1115 Ι
509 1060 599 1133 atque
620 1054 767 1117 Doctores
790 1057 1002 1118 communiter.
1026 1054 1087 1140 De-

125 1136 183 1197 bot
201 1140 306 1197 autom
338 1136 420 1198 illius
440 1137 554 1196 amotio
587 1154 654 1197 esse
676 1137 768 1205 talis,
791 1142 825 1197 ut
846 1138 958 1199 Altaris
989 1135 1086 1198 iorma

127 1218 255 1277 omnino
275 1224 422 1288 mutetur,
438 1224 476 1279 ut
494 1216 626 1296 explicat
646 1215 763 1279 Glossa.
786 1214 866 1279 Hinc
889 1220 914 1279 sl
934 1219 1087 1297 integrum

119 1298 236 1359 Altare
257 1299 297 1361 de
319 1300 386 1361 loco
406 1298 444 1360 ad
466 1300 566 1361 locum
588 1306 777 1371 amoveatur,
802 1318 861 1361 non
882 1302 994 1361 emittit
1015 1318 1086 1363 cou-

122 1380 352 1454 secretionem,
377 1383 449 1460 quia
469 1400 531 1443 non
551 1380 642 1442 datur
664 1382 795 1461 partium
818 1382 981 1443 dissolutio.

505 1540 634 1605 CAPUT
655 1541 711 1603 lll.

261 1721 306 1767 DE
327 1720 463 1766 Wl'ssls
483 1721 673 1767 tenesmis
694 1720 960 1769 constannens.

169 1863 198 1925 1.
213 1863 342 1927 loannes
351 1865 487 1943 Baptista
498 1864 608 1929 Thiara
622 1866 653 1927 in
665 1866 880 1931 Dissertatione
894 1865 933 1949 (1)
943 1866 985 1927 Da
997 1884 1086 1945 prac-

119 1948 227 2027 cipeto
247 1944 527 2090 Altamllssspssapite
547 1947 578 2009 {l
601 1950 716 2020 scribit,
734 1949 851 2011 Altaria
872 1950 1025 2026 portatilia
1046 1948 1085 2009 ad
1155 1976 1160 1983 ¹

127 2028 247 2123 initium
280 2046 348 2091 saec
413 2031 539 2098 oetam,
568 2033 600 2090 et
622 2048 717 2107 usque
748 2032 786 2092 ad
805 2030 840 2092 S.
864 2028 1081 2092 Vultramnum

124 2109 1086 2271 ttttttttttbttl,trt'tttttdtltttttttt

125 2272 190 2333 lam
210 2269 277 2333 lieri
297 2274 481 2336 mentionem
506 2278 577 2334 ante
599 2274 712 2334 ltedam
734 2274 801 2335 Lib.
826 2274 854 2335 V
877 2270 1084 2335 Historiarum

120 2352 201 2430 Cap.
213 2352 253 2424 ll,
267 2354 323 2430 qui
343 2354 438 2416 relcrt
452 2354 606 2434 ejusmodi
620 2355 716 2416 Altari
731 2374 801 2418 usae
817 2355 910 2420 luisse
932 2356 1008 2417 duos
1023 2352 1084 2415 Ev-

125 2436 244 2511 saldos‚
268 2437 415 2514 martyrio
434 2436 515 2515 apud
538 2433 672 2498 Saxones
693 2439 822 2515 septimo
844 2438 997 2499 desinente
1019 2454 1084 2497 sae·

121 2516 197 2578 culo
212 2525 383 2578 coronatos.
400 2516 442 2577 nt
455 2534 529 2578 aero
544 2520 612 2594 quis
626 2524 673 2578 est
687 2516 914 2581 Ecclesiasticae
927 2517 1083 2591 Historiae

126 2598 203 2659 adeo
219 2598 352 2675 ignarus,
368 2603 404 2658 ut
425 2598 461 2658 ad
484 2600 550 2677 ipsa
566 2596 718 2660 Ecclesiae
734 2602 882 2661 nascentis
903 2598 1085 2662 incunabula

125 2680 252 2741 illorum
277 2678 495 2740 institutionem
522 2698 579 2741 non
595 2681 748 2742 existimet
768 2700 834 2743 csse
857 2681 1082 2760 repetendam?

122 2759 206 2834 Quid
220 2761 300 2838 quod
315 2761 518 2822 saevientibus
531 2762 791 2839 persecutionibus
804 2760 967 2835 Christiani
980 2763 1082 2825 divina

122 2842 273 2921 mysteria
295 2842 489 2904 celebrabant
509 2843 541 2902 in
556 2842 775 2914 solitudinibus,
789 2844 968 2916 diversoriis,
982 2860 1084 2907 caree·

124 2924 222 2991 ribus,
245 2925 444 2995 catacumbis,
460 2926 495 2983 ia
517 2926 646 3003 stupetis
666 2926 750 2996 locis,
765 2936 791 2987 ct
811 2927 862 2986 obi
879 2925 1034 3009 poterant?
1048 2930 1085 2987 ut

121 3006 212 3065 aiunt
220 3002 383 3083 Dionysius
393 3005 625 3073 Alexandrinus,
635 3003 768 3085 spineta
778 3007 816 3067 ad
828 3004 989 3067 llieraoem
1002 3006 1083 3089 apud

121 3084 294 3148 Eusebium
304 3082 420 3147 Hister.
434 3082 605 3147 Ecclesiasts
614 3084 713 3165 Caput
728 3087 797 3159 llll;
814 3094 845 3150 ot
859 3086 964 3150 Victor
980 3088 1082 3149 Viten·

119 3166 224 3238 sindo
232 3168 439 3247 persecutione
458 3165 626 3229 Vandalicas
639 3168 707 3229 Lib.
724 3168 826 3249 lCap.
843 3168 874 3233 ὅ.
888 3168 1082 3231 Portatilibus

119 3250 249 3327 quidem
271 3248 436 3317 Altaribus,
447 3254 519 3310 tanc
533 3252 690 3333 temporis,¹
701 3258 732 3313 et
747 3252 784 3313 ad
797 3252 966 3328 quemlibet
979 3250 1083 3313 locum

150 3442 193 3503 tt)
206 3439 343 3500 catalano,
351 3437 506 3507 Pontificals
519 3442 672 3492 itomanam
684 3443 893 3499 'Commentariis
905 3444 1081 3497 illustratum

115 3520 185 3574 pers
209 3508 351 3566 secanda,
373 3508 483 3561 Titulos
497 3511 530 3561 V.
548 3511 660 3573 Gattico,
674 3513 833 3563 Dissertatio
851 3510 886 3565 de
904 3528 956 3565 uso
975 3511 1081 3563 Altaria

119 3578 269 3631 maratis
287 3579 351 3646 Cap.
372 3578 451 3631 leta.
