2567 4042
440 162 644 238 milis&-

87 292 152 367 qnod
171 291 199 351 in
219 292 336 372 templis
356 293 404 356 vel
426 293 570 371 altaribus
591 291 750 354 visibiliter
771 291 902 361 colitur,
926 291 1012 355 uobis

86 374 252 435 invisibiliter
264 374 464 453 compleatur.
475 363 510 436 Id
526 374 648 451 quidem
659 374 769 452 passim
779 374 888 435 docent
898 373 950 435 SS.
960 372 1012 437 Ec·

86 456 177 517 etesiae
192 455 292 519 Patres
314 457 343 518 in
359 455 495 535 plurimis
512 474 589 533 quos
604 455 641 517 de
657 455 843 517 dedicatione
857 454 1010 519 Ecclesiae

86 538 251 599 sermonibus
266 539 434 601 ediderunt:
448 536 708 616 Quotiescumque,
723 537 836 614 [ratres
846 540 1013 603 clarissimi

64 619 167 697 ‚inquit
186 619 216 681 S.
234 621 421 697 Augustinus
441 622 471 681 in
487 621 629 682 Sermone
644 618 746 681 CCLII
766 620 804 681 de
820 629 957 699 tempore,
971 623 1016 685 el-

85 702 147 761 tcris
164 704 207 761 ecl
227 703 327 781 templi
346 702 538 782 sestis-itatem
560 704 701 771 colitans,
724 704 751 764 st
771 700 900 782 fedeliter
920 720 957 763 oc
971 701 1016 763 ds'·

86 783 194 859 lipcoter
214 784 411 854 attendisses,
436 796 461 845 et
481 794 581 845 sancte
603 802 639 844 cc
657 784 736 865 juste
758 784 909 851 uicimus,
932 782 1016 863 puid-

86 864 146 942 peid
165 865 197 923 ise
210 867 327 945 templis
347 867 532 945 manufactis
552 866 673 945 opiter,
690 873 785 925 totum
805 866 840 924 iu
862 866 943 934 nobis
957 867 1017 945 spt-

85 941 159 1007 matt
178 946 381 1028 aedificatione
404 950 576 1029 completur.
600 946 667 1008 Scio
689 947 819 1023 deniquo
837 946 1014 1025 Ilagdabur·

86 1044 177 1102 genses
198 1028 377 1098 haereticos,
401 1028 544 1091 Centuria
566 1027 611 1089 IV
631 1028 705 1108 Cap.
730 1028 784 1098 Vl,
810 1047 861 1090 nos
888 1046 1016 1108 arguere

86 1106 153 1183 uuo‘rl
174 1114 254 1171 tanto
279 1113 537 1173 caeremoniarum
558 1116 704 1188 apparatu
726 1109 805 1187 apud
821 1129 874 1172 nos
889 1110 1015 1189 Tenrpla

86 1186 257 1264 dedicentur,
281 1200 312 1255 et
333 1199 547 1254 consecrantur
567 1193 694 1253 Altaria.
718 1191 792 1265 Quis
813 1195 893 1254 enirn
916 1210 1017 1257 sacras

86 1269 200 1334 Litteras
221 1276 319 1337 sciens
342 1277 459 1353 ignorat
481 1292 572 1353 quam
594 1271 753 1353 magnifica
776 1292 884 1354 pompa
905 1275 1018 1339 Taber-

86 1355 222 1424 neculum‚
239 1363 273 1418 et
294 1357 398 1419 Altare
420 1359 451 1419 in
466 1356 560 1419 veteri
574 1355 666 1437 Lege,
682 1354 775 1417 Nurn.
791 1354 864 1435 Cap.
882 1356 952 1428 VII,
970 1356 1018 1419 de·

86 1435 201 1498 dicatum
223 1438 345 1501 fueriti
367 1438 474 1516 Nonne
495 1440 621 1518 legimus
643 1444 715 1509 ter,
740 1436 803 1499 Deo
825 1457 883 1502 non
906 1440 1020 1515 impro-

87 1518 171 1586 bante,
187 1522 300 1581 iactam
316 1519 433 1583 Iudaici
447 1521 566 1599 Templi
580 1521 800 1583 dedicationem
815 1538 885 1583 cum
906 1520 1018 1599 ingenti

86 1601 183 1661 laetitia
202 1608 234 1665 et
257 1603 449 1666 celebritate?
471 1603 572 1665 Primo
596 1622 613 1663 a
635 1602 804 1674 Salomone,
827 1604 894 1665 Lib.
911 1602 940 1664 II
961 1600 1017 1663 Pa·

87 1682 158 1759 ralip.
182 1677 256 1761 Cap.
283 1683 351 1746 VII.
382 1686 518 1747 Secundo
539 1686 577 1745 ab
600 1683 697 1747 Esdra
719 1684 892 1757 Sacerdote,
915 1685 981 1745 lib.
1004 1682 1019 1744 Ι

85 1760 183 1827 Esdrae
204 1765 279 1843 Cap.
297 1765 352 1827 VI.
369 1767 472 1830 Tertio
495 1766 734 1836 aldeehabaeis,
755 1766 851 1829 Libl
872 1768 944 1846 Cap.
962 1765 1017 1828 IV.

85 1843 123 1905 ln
150 1846 289 1925 ignorant
321 1851 464 1926 praedicti
491 1848 659 1911 Novatores
691 1856 810 1911 veteres
831 1848 1020 1911 Patriarcbae

85 1927 174 1989 altaria
190 1931 227 1990 ad
243 1948 322 2007 quae
336 1933 548 2009 operabantur,
563 1932 623 1993 olei
643 1930 789 1994 effusione
812 1930 1018 1995 consecrasset

85 2005 175 2082 Iacob,
190 2010 269 2072 Gen.
288 2012 361 2090 Cep.
378 2012 529 2082 XXVIII,
543 2014 645 2082 ¹creuit
660 2014 790 2091 lapidem
805 2014 834 2073 in
849 2032 908 2090 quo
923 2013 1021 2075 Sacri-

85 2088 173 2151 licium
194 2091 316 2161 obtulit,
333 2114 466 2174 eumque
489 2096 677 2157 consecravit
699 2095 826 2157 tundens
848 2094 949 2157 oleum
969 2094 1021 2157 de-

84 2186 172 2249 super,
195 2182 226 2237 et
247 2176 318 2237 inde
339 2179 481 2241 eumdem
501 2180 602 2240 locum
622 2176 783 2257 appellavit
796 2176 919 2247 Betbcl,¹
944 2176 1020 2239 idest

85 2252 193 2317 domum
213 2254 298 2329 Dei3
329 2261 577 2336 subsequentibus
608 2278 682 2323 uero
711 2260 894 2337 temporibus
923 2274 1019 2321 nonne

85 2333 191 2416 Moyses
211 2339 279 2399 olco
300 2358 398 2414 sacro,
415 2342 539 2419 aliisque
555 2343 752 2403 caeremoniis
766 2341 1017 2413 Taberneculurn,

85 2418 167 2481 altare
184 2427 215 2481 et
229 2422 333 2483 omnia
353 2424 420 2503 ejus
441 2442 513 2485 vase
527 2424 685 2485 ministerIi
708 2422 908 2487 consecravit?
931 2419 1021 2486 Hunc

85 2496 224 2565 Ecclesiae
240 2504 336 2569 ritum
351 2506 511 2582 probatum
526 2524 647 2584 semper
662 2524 697 2567 ec
712 2509 862 2567 retentum
877 2522 1020 2583 expresse

86 2585 218 2645 testentur
233 2584 393 2659 Eusebius
410 2587 476 2649 Lib.
490 2587 522 2648 x
537 2586 616 2651 Hist.
631 2586 857 2651 ‘Ecclesiasticus
872 2585 944 2663 Cap.
963 2585 1024 2647 ses

85 2660 142 2723 Lib.
164 2668 201 2729 de
225 2670 297 2732 I'e'to
321 2666 514 2732 Constantini
534 2669 607 2748 Cap.
632 2668 694 2742 t3;
720 2668 750 2731 S.
775 2669 968 2740 Athanasius,
992 2668 1023 2731 iu

87 2743 219 2827 Ipolops‘o
245 2750 287 2811 cul
312 2752 566 2823 constantinum
588 2751 619 2813 S.
644 2750 793 2821 Basilius,
816 2753 847 2813 in
870 2748 1021 2811 Prasmon

90 2827 153 2899 nt,-
173 2831 202 2891 S.
221 2831 386 2910 Gregorius
408 2831 586 2912 Nyssenus,
615 2828 759 2895 Oratione
783 2833 817 2891 dc
838 2832 1021 2909 Baptismc,·

88 2906 114 2965 S.
134 2911 320 2983 Ambrosius,
344 2915 410 2976 Lib.
428 2915 442 2975 l
458 2913 554 2995 Epist.
578 2914 600 2973 5
621 2914 661 2974 act
683 2913 822 2985 Felicem;
839 2914 1022 2976 Gaudentius

88 2986 246 3071 brixiensis,
264 2998 295 3057 iu
312 2991 454 3061 Tractotu
469 2997 503 3057 de
520 2995 710 3058 Dedicotiosse
725 2995 888 3061 Ecclesiae.

119 3072 158 3135 X.
180 3075 283 3142 Verus
315 3098 350 3140 ac
384 3080 534 3155 legitimus
555 3076 761 3141 Ecclesiarum
793 3074 1022 3139 consecrationis

89 3154 209 3218 minister
232 3160 315 3221 solus
338 3165 383 3222 est
403 3159 586 3240 Episcopus,
610 3158 681 3237 Cap.
701 3158 789 3240 Aque
810 3158 844 3219 de
863 3160 1024 3223 Consecra-

89 3234 153 3295 tiooe
174 3238 350 3313 Ecclesiae,
379 3241 452 3320 Cap.
476 3240 568 3305 Nemo
590 3241 625 3301 de
651 3243 873 3307 consecratione
900 3240 967 3307 de'st.
993 3237 1021 3301 I.

89 3310 214 3397 Episcopi
248 3326 368 3401 quidem
396 3322 599 3394 Dioeceseni,
630 3324 659 3384 in
682 3342 810 3402 quorum
833 3322 1023 3385 Dioecesibue

90 3390 228 3465 Ecclesiae
252 3412 486 3476 construuntur,
510 3425 561 3468 eas
593 3423 769 3469 consecrare
802 3405 920 3467 debent.
948 3402 1022 3465 Vide

89 3474 238 3545 Barbosam
263 3487 298 3547 dc
320 3487 413 3630 oqics‘o
436 3498 463 3549 ct
478 3498 624 3567 potestate
639 3486 790 3567 Episcopi,
813 3488 900 3549 Pente
922 3485 951 3546 II
974 3483 1025 3545 Al-

90 3556 221 3639 tenetisne
243 3568 337 3632 XXV
361 3616 370 3642 ,
395 3576 427 3633 et
452 3572 527 3635 alios
547 3571 658 3651 passim
681 3569 859 3651 Scriptores,
882 3566 1025 3644 Chorepi·
