2567 4042
592 164 654 225 «m
678 153 818 225 106&-

227 282 280 345 Iati
303 281 415 345 ditaris
436 283 586 361 portatilis
617 302 677 345 nou
699 283 788 345 modo
811 286 929 363 prima,
955 284 1006 347 sed
1029 285 1181 349 etaltera
1265 244 1269 321 l

227 366 306 425 eice.
329 364 435 427 Oratio
458 382 535 441 quae
560 366 664 443 incipit
687 364 815 429 manat
836 386 888 428 nos
916 367 1002 427 Dens·
1019 376 1075 427 etc.
1102 368 1182 431 ellu-

227 446 271 506 dit
285 449 420 524 prolecto
442 447 507 523 ipsa
519 447 567 519 ,ad
581 446 697 509 lactum
711 446 805 507 Jacob
827 449 857 509 lu
871 448 945 527 Cap.
964 447 1102 509 XXVIII
1117 447 1182 509 Ge·

227 545 344 589 neseos:
361 527 464 607 lpitcr
485 546 615 605 opressus
628 525 719 589 Jocoh
742 528 776 588 dc
797 528 940 591 Bersabee
959 532 1098 610 perpotet
1112 528 1182 591 Hc·

227 627 297 669 rap·
313 612 447 689 Cumque
467 610 593 671 venisset
613 608 655 669 ccl
678 609 836 689 quemdem
857 612 966 680 locon,
985 621 1013 671 ct
1037 613 1125 673 cedet
1147 614 1183 675 ist
1269 614 1270 640 ¹

226 709 260 749 eo
279 695 463 770 requiescere
479 699 547 768 post
567 692 635 751 solis
657 693 836 758 occubitum.
860 693 930 753 totis
952 692 987 751 dc
1008 692 1178 771 lapidibus,

227 790 302 916 itt
313 774 1182 933 elidittpdttfftt‘ttitltltlhtlt

226 932 383 1013 Reliquiae
405 940 475 997 sunt
496 937 709 1011 reponendae,
734 940 817 996 extat
837 937 868 997 iu
886 937 1022 1013 pluribus
1043 937 1178 1015 antiquis

226 1015 460 1079 Pontificalibus.
484 1015 617 1077 Rubrica
638 1034 717 1094 quae
738 1015 826 1094 jubet
847 1018 1012 1078 cauendam
1032 1017 1183 1097 Antipho·

226 1116 296 1160 uam
311 1116 389 1175 quae
403 1098 551 1174 sequitur,
568 1096 646 1166 Ecce
669 1098 746 1158 odor
767 1098 825 1177 ptis·
837 1100 906 1167 mei,
921 1101 997 1159 sicet
1014 1098 1086 1158 odor·
1106 1101 1180 1179 apri

222 1182 307 1257 ptem
321 1187 380 1242 etc.
393 1184 537 1241 consonat
549 1197 619 1240 cum
634 1181 841 1259 manuscripto
855 1180 1021 1243 Pontificall
1035 1179 1182 1243 Gulielmi

226 1261 374 1321 Durandi.
397 1260 502 1323 Oratio
515 1257 661 1341 Lapidem
675 1262 755 1323 hooc
776 1267 836 1325 etc.
853 1261 961 1323 alludit
982 1262 1117 1341 prolecto
1141 1261 1181 1323 ad

225 1349 361 1405 veterem
372 1341 525 1403 Ecclesiae
539 1344 725 1410 ritum,cum
741 1343 877 1419 ipsorum
887 1344 1031 1419 nimirum
1043 1341 1182 1407 fidelium

225 1426 405 1494 oblationes,
427 1426 513 1502 panis
534 1422 651 1485 scilicet
671 1428 702 1485 et
723 1426 854 1491 viuum,
877 1426 916 1485 ad
934 1422 1042 1487 Altare
1062 1422 1182 1488 delere·

224 1508 348 1569 bantur.
370 1506 526 1567 laudatur
547 1506 577 1565 in
592 1504 781 1567 Praelatione
792 1503 1034 1568 Melchisedech.
1051 1511 1182 1583 oratque

225 1587 325 1649 Deum
348 1590 425 1649 inter
446 1589 504 1648 alla
525 1587 705 1664 Episcopus,
720 1593 755 1647 ut
770 1588 914 1663 quicquid
933 1606 1021 1648 sacro
1042 1590 1102 1647 ritu
1125 1607 1179 1651 su-

226 1685 282 1746 per
304 1668 411 1737 Alteri,
436 1668 517 1746 quod
540 1669 603 1748 ipse
625 1668 756 1739 dedicat,
773 1660 990 1739 immolehItur,
1008 1668 1086 1729 sicut
1099 1668 1181 1730 Mel-

227 1750 389 1813 chisedech
411 1752 558 1819 oblatum,
576 1751 634 1811 sihi
656 1751 773 1827 placeat
795 1750 1017 1813 holocaustum.
1040 1749 1181 1813 Laudant

225 1850 297 1893 sane
313 1833 421 1909 passim
438 1831 538 1893 Sancti
552 1830 706 1893 Ecclesiae
722 1832 826 1893 Patres
839 1830 1076 1901 Melchisedech,
1092 1832 1180 1907 quod
1271 1826 1272 1905 3

225 1913 283 1974 luit
304 1919 394 1991 typus
414 1920 447 1975 et
466 1912 563 1991 figura
584 1911 695 1973 Christi
719 1914 747 1973 in
770 1913 919 1975 oblatione
942 1915 1026 1991 panis
1047 1920 1080 1975 et
1099 1914 1177 1974 viui.

226 1993 313 2055 Aliae
334 1996 484 2057 orationes
516 2001 547 2055 et
568 1993 759 2072 AntIphonae
782 2012 860 2071 quae
891 1996 930 2057 ab
951 1994 1099 2071 Episcopo
1134 1995 1180 2055 di·

224 2082 360 2148 cuntur,
384 2095 438 2137 nec
472 2095 530 2137 non
552 2078 629 2137 rItus
650 2074 842 2137 thurificandi
874 2095 966 2155 super
989 2077 1178 2139 tabulam-iu

224 2158 348 2219 modum
363 2157 479 2230 Crucis,
497 2163 580 2220 extat
594 2159 624 2218 in
640 2157 778 2234 pluribus
794 2158 924 2235 antiquIs
938 2156 1175 2221 Pontifieallbus.

590 2319 719 2383 CAPUT
747 2318 801 2381 1v.

345 2498 558 2572 seraranan
580 2500 620 2546 ns
642 2500 760 2545 crnrcrs
782 2498 1074 2547 consucnarroun..

264 2642 289 2704 I.
313 2646 399 2707 Ritus
418 2646 615 2707 consecrandi
631 2644 765 2706 Calicem
787 2651 818 2707 et
837 2644 980 2707 Pateuam
996 2644 1038 2725 (1)
1054 2654 1100 2708 est
1120 2646 1177 2709 du·

223 2724 273 2785 bio
295 2728 399 2802 procul
420 2728 451 2785 in
466 2727 598 2787 Ecclesia
619 2727 855 2805 antiquissimus,
878 2744 948 2789 cum
971 2728 1009 2788 de
1030 2729 1094 2805 ipso
1116 2746 1177 2791 uon

224 2808 315 2869 modo
334 2810 501 2887 pervetusti
524 2808 606 2869 Libri
621 2806 833 2877 sensificans,
858 2809 909 2870 sed
938 2814 968 2869 et
990 2808 1092 2871 Sancti
1117 2806 1178 2871 Ec·

224 2888 333 2952 clesiae
354 2886 459 2951 Patres
480 2892 696 2955 meminerint,
721 2890 800 2951 inter
822 2908 896 2967 quos
917 2889 1043 2953 Sanctus
1064 2890 1177 2953 Doctor

223 2969 400 3035 Ambrosius
420 2970 487 3031 Lih.
510 2972 538 3032 II
564 2970 737 3055 officiorum
758 2969 863 3049 Capite
885 2971 1025 3033 XXVIII
1047 2973 1097 3034 ubi
1111 2974 1174 3040 ait,

223 3055 301 3129 qssod
321 3059 356 3116 tn
375 3056 421 3115 llis
442 3054 536 3114 trihus
558 3056 731 3130 peceribus,
756 3050 881 3115 idestin
903 3053 1091 3115 subleveudIs
1105 3073 1178 3133 ege·

223 3135 291 3199 nis,
313 3134 495 3196 redimendis
517 3134 664 3210 captivIs,
688 3139 720 3196 et
741 3134 900 3197 humandis
921 3136 1078 3204 fidelihus,
1103 3152 1178 3197 oceo
1269 3150 1270 3203 ἶ

223 3209 372 3276 Ecclesiae
387 3220 485 3277 ‘etiem
505 3218 632 3276 initiato
654 3213 754 3293 (idest
780 3215 978 3297 consecrata)
1007 3216 1177 3297 coolrlnps·

222 3313 266 3363 re,
289 3298 444 3377 conflare,
469 3295 594 3358 eendcrc
614 3298 693 3357 licet.
718 3296 751 3357 In
779 3297 1019 3361 sacramentario
1040 3297 1176 3361 Gelasiu-

222 3480 293 3599 tem
310 3476 457 3599 XXXIXO'
476 3479 632 3549 Ponsspcolc
650 3483 805 3533 Romanum
825 3483 1033 3536 Commentariis
1049 3482 1174 3547 illustra·

253 3562 291 3597 m.
332 3563 363 3599 ι.
419 3582 426 3598 .
479 3590 481 3596 .
997 3572 999 3577 ’
