2567 4042
439 161 573 234 walt
595 171 656 232 ffl-

90 311 121 352 ex
140 291 228 352 sacris
248 291 442 361 Canonibus,
466 291 490 351 si
513 309 583 352 casu
615 299 670 353 aut
694 293 724 352 vi
756 291 884 352 cadaver
906 307 1027 354 cacom-

88 375 217 434 municati
239 373 353 435 illatum
377 375 415 434 sit
437 375 466 432 in
488 373 607 435 sacrum
629 373 863 444 Coemeterium,
888 380 1026 434 extumu-

88 457 134 515 lari
154 456 300 534 jubetur,
324 457 347 516 si
370 455 498 516 discerni
521 456 625 534 possit.
650 457 773 517 Mandat
793 473 865 515 vero
889 463 1026 517 nostrum

88 537 204 608 ilituaie‚
227 557 284 597 non
298 556 365 599 esse
386 543 456 598 tunc
472 537 712 611 exhumandum‚
737 537 788 598 sed
808 537 1027 598 verberandum

88 620 274 698 sepulchrum
297 639 313 681 a
336 618 497 681 Sacerdote
523 620 642 681 dicente
664 620 878 698 Antiphonam:
896 616 1027 680 Eaalta-

34 744 36 749 ,
100 712 149 762 ant
160 702 288 762 Domino
303 720 368 762 osea
381 701 554 772 humiliata,
577 708 608 762 et
621 699 774 762 Psalmum
790 700 942 764 Miserere.
966 699 1026 761 No·

100 784 195 844 andum
210 784 432 860 ultimo‚.quod
446 784 516 844 iicet
537 782 668 844 Rubrica
691 802 748 844 non
771 783 954 860 praescribat
975 800 1026 844 co-

101 884 152 927 nes
166 865 423 934 indumentorum,
446 866 555 940 quibus
570 865 715 928 Sacerdos
730 866 886 928 absolvens
906 882 1023 926 excom·
1098 908 1101 916 .

103 949 261 1008 tunicatum
283 953 437 1008 mortuum
459 947 540 1008 indui
562 947 673 1016 debet,
697 953 827 1009 attamen
849 967 885 1008 ex
910 945 1025 1009 ¹Cornet-

108 1056 131 1099 ε,
153 1030 285 1090 babetur
307 1029 385 1104 quod
407 1029 552 1089 Sacerdos
575 1029 657 1091 indui
679 1030 768 1091 debet
789 1027 1024 1106 superpelliceo,

112 1114 193 1172 stota
209 1110 285 1189 nigri
300 1111 406 1170 coloris
426 1109 511 1188 juxta
527 1111 620 1171 ritum
644 1113 672 1170 in
688 1111 784 1172 officio
801 1111 1022 1181 defunctorum,

126 1195 155 1254 in
175 1211 286 1255 eorum
309 1193 495 1254 absolutione
517 1195 747 1274 praescriptum.
835 1268 839 1276 ,

428 1353 555 1418 CAPUT
576 1355 664 1417 XIV.

135 1536 344 1580 secundariam
366 1536 540 1582 earnem
560 1537 726 1582 uncatonls
744 1562 751 1590 ‚
780 1536 822 1578 ΕΤ
843 1537 885 1580 bb
907 1534 1024 1580 ORDINE

125 1617 332 1662 trutanniam
355 1617 585 1664 SACRAHENTUM
608 1618 784 1662 exinaniant
804 1616 979 1662 uacaturus.

127 1763 282 1842 ‚Optima
300 1765 329 1822 in
345 1766 479 1842 proemio
495 1765 710 1827 dissertationis
725 1781 796 1825 suae
812 1765 956 1842 septimae
970 1761 1023 1824 Sa·

128 1848 216 1908 menti
230 1845 323 1925 hujus
335 1848 543 1909 animadvertit
553 1845 669 1925 Gaspar
679 1846 843 1907 Iuveninus
858 1847 1022 1908 variaesso

131 1930 200 1990 rina:
215 1933 245 1988 et
259 1929 487 2006 primoquidem
503 1930 540 1988 ob
554 1931 711 1990 materiam
723 1946 760 1988 ex
772 1945 829 2004 qua
843 1933 956 1988 constat
970 1946 1021 2004 ap·

133 2012 174 2070 ari
196 2028 215 2069 a
236 2007 359 2070 Graecis
386 2008 489 2070 Oleum
508 2008 661 2072 Sanctam.
680 2007 816 2072 Secundo
842 2027 881 2068 ex
895 2009 1021 2070 materia

134 2110 211 2152 arma
228 2093 315 2152 simui
337 2094 463 2171 sumptis
479 2095 579 2153 vocari
596 2092 772 2154 Orationem
784 2107 849 2150 cam
866 2091 937 2150 oleo.
949 2090 1021 2151 Ter·

136 2192 153 2234 a
171 2174 310 2254 subjecto
332 2192 424 2249 aquo
439 2175 595 2252 recipitur,
609 2175 667 2234 dici
683 2193 700 2235 a
714 2173 828 2233 Latinis
848 2169 1020 2233 Unctionem

88 2275 270 2333 ..,..·moram,
285 2266 312 2315 et
338 2253 569 2315 Sacramentum
584 2259 768 2316 coeuntium.
786 2255 900 2327 Quarto
919 2273 956 2314 ex
971 2271 1021 2313 or-

77 2335 137 2397 dine
159 2356 249 2415 qucm
273 2337 364 2397 babet
378 2338 418 2416 ad
431 2339 502 2396 alias
519 2340 673 2398 unctiones
689 2339 775 2398 istam
794 2337 1018 2410 praecedentes,

77 2420 216 2494 appellari
244 2416 412 2479 Unctionem
428 2429 604 2479 entremam.
620 2417 783 2480 Extremae
799 2417 950 2480 Unctionis
968 2417 1020 2478 Sa·

76 2506 257 2562 aramentum
274 2507 417 2576 tanquam
431 2503 593 2562 caelestem
618 2501 809 2569 medicinam,
834 2520 891 2560 non
903 2501 1020 2562 animae

77 2582 192 2651 solum,
228 2582 391 2644 sedetiam
415 2585 534 2660 corpori
556 2583 736 2653 salutarem,
763 2583 844 2642 omni
865 2583 962 2644 studio
990 2589 1022 2644 et

75 2662 241 2741 diligentia.
266 2666 431 2741 pericuiose
454 2667 677 2741 aegrotantibus
699 2683 764 2725 esse
786 2663 1017 2736 adhibendum,

76 2747 176 2808 merito
200 2745 294 2808 edicit.
312 2753 448 2806 nostrum
470 2745 621 2809 morde·

109 2826 147 2888 ΙΙ.
171 2826 308 2890 Eiieetus
322 2828 506 2888 Sacramenti
522 2827 684 2890 Extremae
700 2826 852 2888 Unctionis
867 2826 1019 2902 explican-

77 2912 119 2967 tnr
141 2910 278 2985 proiecto
300 2929 352 2988 per
375 2909 448 2970 baec
470 2910 554 2971 Beati
577 2910 676 2971 iacobi
699 2910 812 2970 verba:
841 2907 945 2969 Oratio
966 2905 1018 2967 Fi·

77 2987 119 3048 dei
138 2993 266 3055 salvabit
286 2991 464 3072 infirmam,
489 3002 517 3052 et
539 2993 689 3070 alleviabit
713 3010 778 3050 eam
801 2992 955 3058 Dominae,
980 2999 1036 3059 et,-

73 3072 94 3127 n'
111 3072 144 3131 in
157 3072 285 3152 peccatis
298 3077 349 3145 eit,
373 3073 564 3135 dimittentur
580 3067 617 3134 eil
640 3073 755 3146 Quibus
774 3091 816 3134 ex
831 3071 931 3132 verbis
947 3088 1016 3129 con·

74 3159 125 3213 stat
155 3156 230 3216 duos
252 3174 317 3218 esse
339 3156 514 3234 principales
537 3155 630 3236 hujus
651 3155 837 3216 Sacramenti
864 3153 1015 3225 allectus,

104 3311 137 3373 (1)
154 3311 326 3375 Victoribus,
345 3313 384 3363 De
402 3327 481 3364 suero
500 3313 640 3365 Extremae
663 3312 803 3364 tinctionis
822 3310 1016 3370 Sacramenta,

74 3376 154 3444 Capl
173 3390 198 3431 et
215 3379 306 3446 seqq'.;
326 3381 491 3444 Sambovius‚
511 3383 550 3432 De
562 3381 734 3433 Sacramenta
752 3381 893 3430 Emtaemae
911 3378 1017 3428 linctio-

76 3446 123 3506 nie,
139 3450 201 3514 Cep.
221 3454 231 3501 1
250 3458 277 3500 et
295 3463 381 3514 seqq.;
400 3450 538 3511 catalano,
558 3451 664 3502 ititaate
682 3451 836 3501 Romanam
854 3453 1019 3500 commenta·
1042 3445 1048 3457 ‘

76 3512 119 3562 rite
134 3517 319 3582 blaterat-am,
338 3518 441 3570 Titulus
459 3523 480 3569 V
498 3521 560 3584 cap.
581 3523 592 3570 1
609 3526 636 3570 et
653 3523 700 3578 11.·‚
719 3515 895 3580 Baruffeldus,
915 3514 950 3567 ad
967 3517 1012 3566 Ri-

77 3584 144 3634 taole
160 3587 311 3638 domanam
332 3588 541 3649 Commentario,
562 3587 667 3639 Titulus
684 3589 786 3640 xxvii.
