2567 4042
609 162 813 235 ⁴930&-

237 291 321 349 initie
343 288 482 350 Laudum
512 286 658 352 recitant.
674 290 824 371 Apsoda,
849 310 975 355 numero
998 292 1105 371 plurali
1140 297 1188 357 vel

237 373 328 434 etiam
351 373 504 450 singulari,
520 374 759 451 amplectebatur
781 380 876 439 totum
899 374 1029 435 cilicium
1052 380 1188 438 mortuo·

237 469 308 514 rum
319 454 357 515 ab
372 472 408 515 eo
424 459 572 533 tempore,
588 474 653 533 que
665 456 803 519 infirmus
821 458 923 533 incipit
938 457 1068 517 animam
1084 475 1186 537 agere,

235 536 369 614 adusque
391 536 544 598 cadaveris
566 538 808 601 tumulationem.
825 539 1008 601 Praesertim
1029 557 1103 601 rero
1116 558 1188 602 eon·
1214 595 1217 601 .

236 619 348 680 tinebat
369 618 492 679 Missam
513 636 569 697 pro
591 618 760 695 Defunctis,
784 630 814 685 et
835 622 959 699 Vigilias
979 621 1043 683 sive
1066 622 1186 685 Matuti

235 718 307 761 num
330 709 360 762 et
380 702 541 778 Vesperas.

236 805 239 812 ·
278 781 524 853 Collectancam,
551 781 783 855 collectarium,
808 794 835 847 et
858 784 1183 854 cathecumenum,

235 866 261 925 is
282 867 400 942 estqui
422 866 554 925 continet
574 866 716 927 collectas
737 868 801 931 sire
823 868 974 929 orationes
1001 867 1039 927 ad
1061 868 1186 945 quaevis

233 944 331 1007 officia
352 948 486 1008 dicenda.
514 945 698 1025 Hujusmodi
721 947 855 1010 libellum
877 948 969 1011 habes
1002 950 1081 1025 apud
1104 949 1187 1011 Tiro·
1265 979 1266 993 κ

232 1030 363 1088 masium
395 1030 451 1090 snb
480 1031 599 1090 nemine
626 1028 822 1093 Oratiomh'a
856 1031 1036 1111 Capitulum
1065 1032 1185 1095 ridetur
1264 1104 1265 1111 ἵ

233 1110 385 1170 interdum
407 1129 462 1189 pro
484 1111 705 1187 Antiphonario
728 1115 819 1174 sumi.
833 1113 932 1190 Vulgo
953 1114 995 1173 sic
1016 1114 1186 1191 appellatur
1264 1124 1265 1167 ἰ

232 1190 309 1251 liber
335 1195 386 1269 qui
408 1196 539 1272 assignat
558 1192 720 1270 Evangelia
749 1196 778 1255 in
808 1194 1054 1272 singulisldissis
1083 1196 1185 1273 legeu-
1263 1218 1264 1221 ¹

233 1274 281 1344 da,
306 1276 575 1336 initium-notando
595 1282 627 1336 et
648 1274 750 1337 finem:
769 1296 862 1355 quare
877 1275 1073 1338 Breaiarium
1087 1274 1186 1339 Euan·
1263 1334 1264 1359 ᾖ

231 1358 378 1433 petieram
393 1358 543 1419 audiebat.
561 1356 674 1418 Frento
696 1358 751 1419 sub
768 1362 887 1419 nomine
899 1356 1072 1419 Kalendarii
1089 1376 1184 1421 unum

231 1437 407 1516 hujusmodi
435 1440 546 1501 librum
567 1440 729 1501 illustravit
749 1446 780 1501 et
800 1442 918 1511 edidit,
943 1442 1089 1517 plurimes
1110 1458 1185 1502 vero
1224 1458 1226 1463 ·

231 1518 421 1583 Thomasius.
444 1518 665 1582 Luceraurium
689 1523 717 1581 in
739 1524 798 1583 ritu
822 1522 1020 1583 Ambrosiauo
1052 1528 1180 1585 uocabat

233 1599 490 1681 Respoaccriam.
514 1604 594 1681 quod
616 1604 734 1664 canitur
756 1605 796 1665 adv
814 1604 976 1683 Vesperas.
1004 1602 1181 1665 Oratiohale

196 1744 206 1765 ‚
231 1682 311 1743 idem
331 1691 446 1745 cratae
460 1684 692 1747 Collectoacuru.
707 1682 833 1748 Exstant
846 1688 876 1747 in
892 1686 1070 1765 quibusdam
1082 1682 1184 1747 Eccle-

230 1766 282 1823 siis
301 1763 473 1844 hujusmodi
488 1766 681 1835 Orationalia‚
699 1768 728 1825 in
752 1770 860 1843 quibus
881 1774 949 1829 sunt
963 1769 1105 1831 Collectaa
1128 1784 1184 1846 pra

231 1848 370 1907 omnibus
390 1848 516 1910 Sanctis.
545 1846 658 1908 Tabula
684 1846 826 1932 Officialis
847 1855 914 1911 erat
934 1850 1043 1913 tabella
1064 1851 1096 1908 in
1118 1868 1179 1927 qua

230 1931 475 2005 exprimebantur
498 1931 618 1991 nemina
639 1948 757 2003 eornm,
774 1934 827 2009 qui
849 1932 970 2009 aliquod
985 1932 1118 1995 alliciam
1131 1931 1183 1995 uel

229 2027 341 2071 munus
355 2014 392 2073 iu
406 2013 507 2075 (ibere
529 2010 674 2075 exercere
696 2012 853 2076 debebant.
878 2013 953 2074 Erat
974 2019 1005 2075 et
1020 2013 1183 2075 mutuatis
1263 2014 1264 2021 ’

229 2091 342 2165 Liber,
366 2097 417 2173 qui
449 2113 549 2157 mores
569 2094 723 2156 Ecclesiae
744 2098 895 2157 Romanae
929 2096 1068 2157 circaea
1099 2096 1180 2172 qua'e

229 2176 400 2251 quotidiano
421 2196 479 2238 usu
500 2179 732 2254 contingebant,
756 2179 933 2256 praesertim
955 2179 1036 2240 circa
1058 2178 1182 2239 electio·

229 2274 282 2317 nes
303 2265 334 2319 ct
354 2260 554 2321 ordinationes
575 2257 804 2337 Episcoporum‚
829 2258 1097 2335 complectebatur.

225 2368 229 2374 ·
269 2338 328 2400 lX.
351 2339 398 2399 Ad
413 2339 599 2401 Humiliario
620 2345 654 2402 ut
675 2341 866 2419 progrediar3
891 2339 1120 2409 Herodianum,
1151 2348 1183 2403 et

228 2427 263 2481 ut
282 2427 407 2482 vocatur
429 2425 458 2482 in
480 2424 601 2500 antiquo
622 2421 718 2483 Brcoi
738 2423 953 2484 recordatiouis
976 2423 1010 2481 de
1030 2420 1179 2483 Thesauro

229 2500 378 2563 Ecclesiae
399 2504 432 2566 S.
449 2503 578 2565 Zenonis
600 2501 697 2582 (edito
719 2522 736 2564 a
759 2502 899 2565 Zacearia
920 2504 1106 2565 Bibliotheca
1126 2502 1181 2563 Pi·

227 2586 379 2645 ctoricarir
405 2604 435 2660 p.
460 2584 545 2667 151)
568 2584 754 2647 Bibliotheca
774 2584 935 2648 Omeliarir
958 2586 1035 2647 liber
1056 2592 1102 2647 est
1122 2586 1180 2646 ha·

227 2666 327 2726 milies
347 2668 376 2725 in
398 2666 563 2744 Evangelia
583 2668 798 2745 complectens.
821 2668 931 2730 Paulus
954 2666 1104 2728 Diaconus
1125 2666 1179 2729 Ca·

225 2747 283 2807 roli
305 2746 348 2808 Μ.
370 2747 456 2827 jussu
476 2748 694 2825 Humiliariunr
717 2750 867 2827 quoddam
899 2748 1040 2818 coniecit.
1065 2747 1178 2811 Passio·
1264 2770 1265 2805 i

225 2830 376 2899 uarium,
400 2831 480 2909 quod
501 2838 532 2892 et
553 2830 727 2893 Pusriaaale
749 2830 930 2895 Passionalr'c
961 2830 1105 2893 liberast
1128 2849 1179 2895 res

227 2910 381 2983 aSanctis‚
397 2914 573 2991 praesertim
586 2912 785 2991 Martyribus,
803 2919 901 2993 gestas
916 2915 1080 2977 continens.
1092 2908 1178 2975 Mer·

222 2995 405 3075 tyrolaaiunr
437 2996 571 3074 libellum
593 2995 753 3072 designat,
782 2997 811 3056 in
834 3016 893 3073 quo
913 2995 1097 3059 Sanctorum·
1123 3014 1178 3057 no·

222 3077 320 3147 mina,
343 3095 510 3157 eorumque
531 3081 598 3137 acta
621 3077 707 3138 brevi
728 3094 868 3139 sermone
889 3079 1067 3139 indicantur.
1084 3076 1177 3140 Plura

221 3156 373 3219 babemus
393 3157 622 3239 Martyrolegia.
647 3157 941 3239 iheroupmtaaaaa
965 3159 1044 3237 quod
1066 3156 1173 3237 ajunt,

221 3238 258 3300 ·S.
282 3236 468 3321 Hieronymo
490 3242 658 3311 tributum;
681 3237 874 3303 Adouiuaum
896 3260 913 3303 a
934 3241 1092 3302 Rosweidc
1114 3242 1176 3320 pri·

223 3338 337 3392 mum,
361 3341 379 3383 a
406 3325 576 3385 doctissimo
599 3321 908 3402 Dominae-Georgia
940 3324 1047 3385 deinde
1067 3323 1174 3401 vulga-

225 3412 302 3471 tum,
330 3401 550 3476 Uacaeiorum,
574 3405 694 3476 bedae,
719 3402 821 3472 Fieri,
845 3406 1002 3475 libabam,
1024 3404 1173 3476 Notium,

225 3485 433 3548 Wandelberti
455 3488 598 3565 aliaque,
633 3502 712 3563 quae
734 3486 916 3551 clarissimus
944 3505 1045 3547 eomes
1066 3486 1172 3549 Eride·
1262 3564 1263 3569 ἵ

226 3566 307 3627 ricus
328 3567 477 3631 Althaaus
497 3570 655 3648 diligenter
676 3569 848 3646 percensuit
876 3572 906 3631 ia
928 3568 1030 3631 Iudice
1050 3566 1172 3648 Marty-
