<?xml version="1.0" encoding="UTF-8"?>
<!DOCTYPE html PUBLIC "-//W3C//DTD XHTML 1.0 Transitional//EN"
    "http://www.w3.org/TR/xhtml1/DTD/xhtml1-transitional.dtd">
<html xmlns="http://www.w3.org/1999/xhtml" xml:lang="en" lang="en">
 <head>
  <title>
</title>
<meta http-equiv="Content-Type" content="text/html;charset=utf-8" />
  <meta name='ocr-system' content='tesseract 3.04.00' />
  <meta name='ocr-capabilities' content='ocr_page ocr_carea ocr_par ocr_line ocrx_word'/>
</head>
<body>
  <div class='ocr_page' id='page_1' title='image "./institutionesli01marigoog_0430.png"; bbox 0 0 2567 4042; ppageno 0'>
   <div class='ocr_carea' id='block_1_1' title="bbox 622 210 848 283">
    <p class='ocr_par' dir='ltr' id='par_1_1' title="bbox 622 210 848 283">
     <span class='ocr_line' id='line_1_1' title="bbox 622 210 848 283; baseline 0 0"><span class='ocrx_word' id='word_1_1' title='bbox 622 210 848 283; x_wconf 53' lang='lat' dir='ltr'><strong>wlffin-</strong></span> 
     </span>
    </p>
   </div>
   <div class='ocr_carea' id='block_1_2' title="bbox 76 339 1257 3685">
    <p class='ocr_par' dir='ltr' id='par_1_2' title="bbox 257 339 1206 748">
     <span class='ocr_line' id='line_1_2' title="bbox 258 339 1204 418; baseline 0.003 -17"><span class='ocrx_word' id='word_1_2' title='bbox 258 345 334 404; x_wconf 85' lang='lat' dir='ltr'><strong>ritus</strong></span> <span class='ocrx_word' id='word_1_3' title='bbox 350 343 539 409; x_wconf 79' lang='lat' dir='ltr'><strong>observatur,</strong></span> <span class='ocrx_word' id='word_1_4' title='bbox 558 359 618 417; x_wconf 84' lang='lat' dir='ltr'><strong>quo</strong></span> <span class='ocrx_word' id='word_1_5' title='bbox 634 342 711 400; x_wconf 89' lang='lat' dir='ltr'><strong>solet</strong></span> <span class='ocrx_word' id='word_1_6' title='bbox 721 339 975 418; x_wconf 81' lang='lat' dir='ltr'><strong>majus&#39;Otiicium</strong></span> <span class='ocrx_word' id='word_1_7' title='bbox 990 343 1118 402; x_wconf 88' lang='lat' dir='ltr'><strong>recitari.</strong></span> <span class='ocrx_word' id='word_1_8' title='bbox 1136 340 1204 404; x_wconf 79' lang='lat' dir='ltr'><strong>Nam</strong></span> 
     </span>
     <span class='ocr_line' id='line_1_3' title="bbox 258 422 1205 502; baseline 0 -16"><span class='ocrx_word' id='word_1_9' title='bbox 258 432 289 486; x_wconf 91' lang='lat' dir='ltr'><strong>et</strong></span> <span class='ocrx_word' id='word_1_10' title='bbox 308 429 425 502; x_wconf 85' lang='lat' dir='ltr'><strong>septem</strong></span> <span class='ocrx_word' id='word_1_11' title='bbox 448 422 604 482; x_wconf 83' lang='lat' dir='ltr'><strong>Canonicis</strong></span> <span class='ocrx_word' id='word_1_12' title='bbox 626 422 719 483; x_wconf 86' lang='lat' dir='ltr'><strong>Horis</strong></span> <span class='ocrx_word' id='word_1_13' title='bbox 741 431 873 493; x_wconf 88' lang='lat' dir='ltr'><strong>constat,</strong></span> <span class='ocrx_word' id='word_1_14' title='bbox 901 424 1057 487; x_wconf 81' lang='lat' dir='ltr'><strong>eteodem</strong></span> <span class='ocrx_word' id='word_1_15' title='bbox 1081 423 1205 488; x_wconf 82' lang='lat' dir='ltr'><strong>Psalmo·</strong></span> 
     </span>
     <span class='ocr_line' id='line_1_4' title="bbox 257 505 1204 584; baseline 0.002 -20"><span class='ocrx_word' id='word_1_16' title='bbox 257 523 340 571; x_wconf 88' lang='lat' dir='ltr'><strong>rum,</strong></span> <span class='ocrx_word' id='word_1_17' title='bbox 359 505 598 583; x_wconf 79' lang='lat' dir='ltr'><strong>Antiphonarum</strong></span> <span class='ocrx_word' id='word_1_18' title='bbox 611 523 646 564; x_wconf 90' lang='lat' dir='ltr'><strong>ac</strong></span> <span class='ocrx_word' id='word_1_19' title='bbox 661 506 830 567; x_wconf 91' lang='lat' dir='ltr'><strong>orationum</strong></span> <span class='ocrx_word' id='word_1_20' title='bbox 844 524 970 567; x_wconf 89' lang='lat' dir='ltr'><strong>oumoro</strong></span> <span class='ocrx_word' id='word_1_21' title='bbox 981 507 1130 584; x_wconf 76' lang='lat' dir='ltr'><strong>expletur.</strong></span> <span class='ocrx_word' id='word_1_22' title='bbox 1145 505 1204 568; x_wconf 78' lang='lat' dir='ltr'><strong>linc</strong></span> 
     </span>
     <span class='ocr_line' id='line_1_5' title="bbox 257 585 1206 666; baseline 0 -18"><span class='ocrx_word' id='word_1_23' title='bbox 257 587 409 657; x_wconf 86' lang='lat' dir='ltr'><strong>Officium,</strong></span> <span class='ocrx_word' id='word_1_24' title='bbox 436 587 531 664; x_wconf 90' lang='lat' dir='ltr'><strong>inquit</strong></span> <span class='ocrx_word' id='word_1_25' title='bbox 546 585 735 665; x_wconf 81' lang='lat' dir='ltr'><strong>liadulpbns,</strong></span> <span class='ocrx_word' id='word_1_26' title='bbox 750 588 962 648; x_wconf 75' lang='lat' dir='ltr'><strong>intermittitur</strong></span> <span class='ocrx_word' id='word_1_27' title='bbox 975 589 1135 664; x_wconf 83' lang='lat' dir='ltr'><strong>aliquando</strong></span> <span class='ocrx_word' id='word_1_28' title='bbox 1149 607 1206 666; x_wconf 73' lang='lat' dir='ltr'><strong>pro·</strong></span> 
     </span>
     <span class='ocr_line' id='line_1_6' title="bbox 258 669 1204 748; baseline 0 -20"><span class='ocrx_word' id='word_1_29' title='bbox 258 674 324 748; x_wconf 89' lang='lat' dir='ltr'><strong>pter</strong></span> <span class='ocrx_word' id='word_1_30' title='bbox 347 669 491 745; x_wconf 86' lang='lat' dir='ltr'><strong>temporis</strong></span> <span class='ocrx_word' id='word_1_31' title='bbox 513 670 788 746; x_wconf 76' lang='lat' dir='ltr'><strong>incongruentiam,</strong></span> <span class='ocrx_word' id='word_1_32' title='bbox 806 676 842 729; x_wconf 89' lang='lat' dir='ltr'><strong>ut</strong></span> <span class='ocrx_word' id='word_1_33' title='bbox 862 669 1060 730; x_wconf 71' lang='lat' dir='ltr'><strong>Hebdomada</strong></span> <span class='ocrx_word' id='word_1_34' title='bbox 1083 671 1204 731; x_wconf 86' lang='lat' dir='ltr'><strong>Pascha·</strong></span> 
     </span>
    </p>

    <p class='ocr_par' dir='ltr' id='par_1_3' title="bbox 205 751 1206 993">
     <span class='ocr_line' id='line_1_7' title="bbox 205 751 1206 827; baseline 0.002 -17"><span class='ocrx_word' id='word_1_35' title='bbox 205 753 209 762; x_wconf 87' lang='lat'>&#39;</span> <span class='ocrx_word' id='word_1_36' title='bbox 258 751 301 821; x_wconf 93' lang='lat' dir='ltr'><strong>li,</strong></span> <span class='ocrx_word' id='word_1_37' title='bbox 325 757 357 810; x_wconf 87' lang='lat' dir='ltr'><strong>et</strong></span> <span class='ocrx_word' id='word_1_38' title='bbox 377 751 477 811; x_wconf 90' lang='lat' dir='ltr'><strong>triduo</strong></span> <span class='ocrx_word' id='word_1_39' title='bbox 492 752 706 826; x_wconf 83' lang='lat' dir='ltr'><strong>praecedenti:</strong></span> <span class='ocrx_word' id='word_1_40' title='bbox 729 752 890 827; x_wconf 87' lang='lat' dir='ltr'><strong>aliquando</strong></span> <span class='ocrx_word' id='word_1_41' title='bbox 913 770 950 812; x_wconf 90' lang='lat' dir='ltr'><strong>ue</strong></span> <span class='ocrx_word' id='word_1_42' title='bbox 966 754 1010 812; x_wconf 89' lang='lat' dir='ltr'><strong>bis</strong></span> <span class='ocrx_word' id='word_1_43' title='bbox 1032 753 1098 812; x_wconf 87' lang='lat' dir='ltr'><strong>dici·</strong></span> <span class='ocrx_word' id='word_1_44' title='bbox 1113 752 1206 812; x_wconf 81' lang='lat' dir='ltr'><strong>videe-</strong></span> 
     </span>
     <span class='ocr_line' id='line_1_8' title="bbox 257 833 1206 910; baseline 0 -18"><span class='ocrx_word' id='word_1_45' title='bbox 257 841 334 900; x_wconf 88' lang='lat' dir='ltr'><strong>tur,</strong></span> <span class='ocrx_word' id='word_1_46' title='bbox 359 835 393 892; x_wconf 88' lang='lat' dir='ltr'><strong>ut</strong></span> <span class='ocrx_word' id='word_1_47' title='bbox 414 834 533 908; x_wconf 86' lang='lat' dir='ltr'><strong>qrrando</strong></span> <span class='ocrx_word' id='word_1_48' title='bbox 556 834 713 894; x_wconf 87' lang='lat' dir='ltr'><strong>servitium</strong></span> <span class='ocrx_word' id='word_1_49' title='bbox 737 834 901 910; x_wconf 75' lang='lat' dir='ltr'><strong>principale</strong></span> <span class='ocrx_word' id='word_1_50' title='bbox 923 833 957 893; x_wconf 80' lang='lat' dir='ltr'><strong>ut</strong></span> <span class='ocrx_word' id='word_1_51' title='bbox 976 835 1014 893; x_wconf 92' lang='lat' dir='ltr'><strong>de</strong></span> <span class='ocrx_word' id='word_1_52' title='bbox 1038 835 1206 896; x_wconf 77' lang='lat' dir='ltr'><strong>beatissima</strong></span> 
     </span>
     <span class='ocr_line' id='line_1_9' title="bbox 256 913 1205 993; baseline 0 -19"><span class='ocrx_word' id='word_1_53' title='bbox 256 913 383 991; x_wconf 81' lang='lat' dir='ltr'><strong>Virgine</strong></span> <span class='ocrx_word' id='word_1_54' title='bbox 394 915 543 990; x_wconf 82' lang='lat' dir='ltr'><strong>:itemque</strong></span> <span class='ocrx_word' id='word_1_55' title='bbox 552 915 580 973; x_wconf 89' lang='lat' dir='ltr'><strong>iu</strong></span> <span class='ocrx_word' id='word_1_56' title='bbox 593 915 770 990; x_wconf 86' lang='lat' dir='ltr'><strong>quibusdam</strong></span> <span class='ocrx_word' id='word_1_57' title='bbox 783 914 948 993; x_wconf 76' lang='lat' dir='ltr'><strong>majoribus</strong></span> <span class='ocrx_word' id='word_1_58' title='bbox 960 917 1205 977; x_wconf 74' lang='lat' dir='ltr'><strong>solemnitatibus,</strong></span> 
     </span>
    </p>

    <p class='ocr_par' dir='ltr' id='par_1_4' title="bbox 255 995 1257 1644">
     <span class='ocr_line' id='line_1_10' title="bbox 297 995 1208 1074; baseline 0.002 -20"><span class='ocrx_word' id='word_1_59' title='bbox 297 995 336 1055; x_wconf 88' lang='lat'><strong>11.</strong></span> <span class='ocrx_word' id='word_1_60' title='bbox 361 995 498 1056; x_wconf 85' lang='lat' dir='ltr'><strong>Otticium</strong></span> <span class='ocrx_word' id='word_1_61' title='bbox 518 995 734 1057; x_wconf 86' lang='lat' dir='ltr'><strong>Deluoctorum</strong></span> <span class='ocrx_word' id='word_1_62' title='bbox 756 998 870 1056; x_wconf 82' lang='lat' dir='ltr'><strong>dictum</strong></span> <span class='ocrx_word' id='word_1_63' title='bbox 899 1003 944 1056; x_wconf 86' lang='lat' dir='ltr'><strong>est</strong></span> <span class='ocrx_word' id='word_1_64' title='bbox 965 997 1086 1074; x_wconf 72' lang='lat' dir='ltr'><strong>Agenda</strong></span> <span class='ocrx_word' id='word_1_65' title='bbox 1107 999 1208 1058; x_wconf 84' lang='lat' dir='ltr'><strong>aWa·</strong></span> 
     </span>
     <span class='ocr_line' id='line_1_11' title="bbox 257 1074 1207 1156; baseline 0.004 -22"><span class='ocrx_word' id='word_1_66' title='bbox 257 1075 365 1136; x_wconf 90' lang='lat' dir='ltr'><strong>lairldo</strong></span> <span class='ocrx_word' id='word_1_67' title='bbox 387 1077 461 1152; x_wconf 84' lang='lat' dir='ltr'><strong>Cap.</strong></span> <span class='ocrx_word' id='word_1_68' title='bbox 480 1074 519 1135; x_wconf 70' lang='lat'><strong>25</strong></span> <span class='ocrx_word' id='word_1_69' title='bbox 540 1086 572 1138; x_wconf 87' lang='lat' dir='ltr'><strong>et</strong></span> <span class='ocrx_word' id='word_1_70' title='bbox 592 1097 609 1137; x_wconf 88' lang='lat' dir='ltr'><strong>a</strong></span> <span class='ocrx_word' id='word_1_71' title='bbox 632 1078 775 1138; x_wconf 77' lang='lat' dir='ltr'><strong>liurando</strong></span> <span class='ocrx_word' id='word_1_72' title='bbox 796 1078 864 1137; x_wconf 87' lang='lat' dir='ltr'><strong>Lib.</strong></span> <span class='ocrx_word' id='word_1_73' title='bbox 882 1078 953 1137; x_wconf 84' lang='lat' dir='ltr'><strong>Vlll</strong></span> <span class='ocrx_word' id='word_1_74' title='bbox 976 1076 1048 1156; x_wconf 82' lang='lat' dir='ltr'><strong>Cap.</strong></span> <span class='ocrx_word' id='word_1_75' title='bbox 1066 1079 1120 1140; x_wconf 85' lang='lat'><strong>35.</strong></span> <span class='ocrx_word' id='word_1_76' title='bbox 1143 1078 1207 1138; x_wconf 81' lang='lat' dir='ltr'><strong>San·</strong></span> 
     </span>
     <span class='ocr_line' id='line_1_12' title="bbox 257 1159 1209 1235; baseline 0.003 -17"><span class='ocrx_word' id='word_1_77' title='bbox 257 1161 305 1218; x_wconf 86' lang='lat' dir='ltr'><strong>eto</strong></span> <span class='ocrx_word' id='word_1_78' title='bbox 327 1160 493 1234; x_wconf 82' lang='lat' dir='ltr'><strong>Augustino</strong></span> <span class='ocrx_word' id='word_1_79' title='bbox 514 1163 667 1235; x_wconf 85' lang='lat' dir='ltr'><strong>tanquam</strong></span> <span class='ocrx_word' id='word_1_80' title='bbox 680 1161 796 1219; x_wconf 90' lang='lat' dir='ltr'><strong>auctori</strong></span> <span class='ocrx_word' id='word_1_81' title='bbox 820 1161 927 1221; x_wconf 83' lang='lat' dir='ltr'><strong>tribuit</strong></span> <span class='ocrx_word' id='word_1_82' title='bbox 947 1159 1075 1221; x_wconf 89' lang='lat' dir='ltr'><strong>lacobus</strong></span> <span class='ocrx_word' id='word_1_83' title='bbox 1096 1162 1135 1223; x_wconf 89' lang='lat' dir='ltr'><strong>do</strong></span> <span class='ocrx_word' id='word_1_84' title='bbox 1154 1161 1209 1221; x_wconf 83' lang='lat' dir='ltr'><strong>Va·</strong></span> 
     </span>
     <span class='ocr_line' id='line_1_13' title="bbox 257 1238 1208 1320; baseline 0.001 -20"><span class='ocrx_word' id='word_1_85' title='bbox 257 1239 346 1300; x_wconf 84' lang='lat' dir='ltr'><strong>lentia</strong></span> <span class='ocrx_word' id='word_1_86' title='bbox 368 1240 398 1298; x_wconf 92' lang='lat' dir='ltr'><strong>in</strong></span> <span class='ocrx_word' id='word_1_87' title='bbox 415 1238 610 1320; x_wconf 76' lang='lat' dir='ltr'><strong>Expositione</strong></span> <span class='ocrx_word' id='word_1_88' title='bbox 626 1239 742 1320; x_wconf 71' lang='lat' dir='ltr'><strong>Hyrnru</strong></span> <span class='ocrx_word' id='word_1_89' title='bbox 759 1238 795 1299; x_wconf 81' lang='lat' dir='ltr'><strong>Tc</strong></span> <span class='ocrx_word' id='word_1_90' title='bbox 806 1239 913 1301; x_wconf 76' lang='lat' dir='ltr'><strong>Deum.</strong></span> <span class='ocrx_word' id='word_1_91' title='bbox 929 1241 1053 1302; x_wconf 70' lang='lat' dir='ltr'><strong>Auctor</strong></span> <span class='ocrx_word' id='word_1_92' title='bbox 1077 1243 1149 1320; x_wconf 83' lang='lat' dir='ltr'><strong>ligni</strong></span> <span class='ocrx_word' id='word_1_93' title='bbox 1160 1241 1208 1303; x_wconf 81' lang='lat' dir='ltr'><strong>Vi·</strong></span> 
     </span>
     <span class='ocr_line' id='line_1_14' title="bbox 256 1320 1206 1400; baseline 0 -19"><span class='ocrx_word' id='word_1_94' title='bbox 256 1328 305 1381; x_wconf 87' lang='lat' dir='ltr'><strong>tae</strong></span> <span class='ocrx_word' id='word_1_95' title='bbox 333 1321 398 1381; x_wconf 88' lang='lat' dir='ltr'><strong>Lib.</strong></span> <span class='ocrx_word' id='word_1_96' title='bbox 422 1320 449 1380; x_wconf 96' lang='lat' dir='ltr'>V</span> <span class='ocrx_word' id='word_1_97' title='bbox 471 1329 623 1384; x_wconf 88' lang='lat' dir='ltr'><strong>auctorem</strong></span> <span class='ocrx_word' id='word_1_98' title='bbox 658 1323 753 1400; x_wconf 83' lang='lat' dir='ltr'><strong>hujus</strong></span> <span class='ocrx_word' id='word_1_99' title='bbox 772 1322 872 1383; x_wconf 86' lang='lat' dir='ltr'><strong>Otlloii</strong></span> <span class='ocrx_word' id='word_1_100' title='bbox 905 1324 977 1383; x_wconf 85' lang='lat' dir='ltr'><strong>iacit</strong></span> <span class='ocrx_word' id='word_1_101' title='bbox 1009 1321 1206 1385; x_wconf 74' lang='lat' dir='ltr'><strong>Amalarium.</strong></span> 
     </span>
     <span class='ocr_line' id='line_1_15' title="bbox 255 1401 1209 1483; baseline 0.002 -19"><span class='ocrx_word' id='word_1_102' title='bbox 255 1401 356 1480; x_wconf 84' lang='lat' dir='ltr'><strong>Hujus</strong></span> <span class='ocrx_word' id='word_1_103' title='bbox 372 1402 469 1463; x_wconf 85' lang='lat' dir='ltr'><strong>Officii</strong></span> <span class='ocrx_word' id='word_1_104' title='bbox 486 1401 714 1468; x_wconf 85' lang='lat' dir='ltr'><strong>Delunctornm,</strong></span> <span class='ocrx_word' id='word_1_105' title='bbox 732 1411 767 1464; x_wconf 90' lang='lat' dir='ltr'><strong>ut</strong></span> <span class='ocrx_word' id='word_1_106' title='bbox 779 1423 857 1464; x_wconf 84' lang='lat' dir='ltr'><strong>rruno</strong></span> <span class='ocrx_word' id='word_1_107' title='bbox 872 1411 929 1471; x_wconf 88' lang='lat' dir='ltr'><strong>est,</strong></span> <span class='ocrx_word' id='word_1_108' title='bbox 948 1407 1097 1465; x_wconf 80' lang='lat' dir='ltr'><strong>institutio</strong></span> <span class='ocrx_word' id='word_1_109' title='bbox 1110 1425 1209 1483; x_wconf 79' lang='lat' dir='ltr'><strong>quarn·</strong></span> 
     </span>
     <span class='ocr_line' id='line_1_16' title="bbox 256 1485 1209 1565; baseline 0.002 -21"><span class='ocrx_word' id='word_1_110' title='bbox 256 1485 302 1544; x_wconf 76' lang='lat' dir='ltr'><strong>uis</strong></span> <span class='ocrx_word' id='word_1_111' title='bbox 315 1487 480 1562; x_wconf 84' lang='lat' dir='ltr'><strong>ignoretur,</strong></span> <span class='ocrx_word' id='word_1_112' title='bbox 505 1490 623 1546; x_wconf 85' lang='lat' dir='ltr'><strong>constat</strong></span> <span class='ocrx_word' id='word_1_113' title='bbox 645 1491 757 1550; x_wconf 80' lang='lat' dir='ltr'><strong>tamen,</strong></span> <span class='ocrx_word' id='word_1_114' title='bbox 781 1487 1027 1554; x_wconf 83' lang='lat' dir='ltr'><strong>consuetudinem</strong></span> <span class='ocrx_word' id='word_1_115' title='bbox 1044 1505 1152 1565; x_wconf 80' lang='lat' dir='ltr'><strong>preces</strong></span> <span class='ocrx_word' id='word_1_116' title='bbox 1169 1487 1209 1546; x_wconf 86' lang='lat' dir='ltr'><strong>el·</strong></span> 
     </span>
     <span class='ocr_line' id='line_1_17' title="bbox 255 1566 1257 1644; baseline 0.001 -19"><span class='ocrx_word' id='word_1_117' title='bbox 255 1566 398 1626; x_wconf 84' lang='lat' dir='ltr'><strong>fundendi</strong></span> <span class='ocrx_word' id='word_1_118' title='bbox 423 1583 476 1643; x_wconf 88' lang='lat' dir='ltr'><strong>pro</strong></span> <span class='ocrx_word' id='word_1_119' title='bbox 492 1567 648 1627; x_wconf 85' lang='lat' dir='ltr'><strong>animabus</strong></span> <span class='ocrx_word' id='word_1_120' title='bbox 670 1566 890 1628; x_wconf 79' lang='lat' dir='ltr'><strong>Defunctorum</strong></span> <span class='ocrx_word' id='word_1_121' title='bbox 912 1568 949 1627; x_wconf 93' lang='lat' dir='ltr'><strong>ab</strong></span> <span class='ocrx_word' id='word_1_122' title='bbox 965 1570 1036 1644; x_wconf 85' lang='lat' dir='ltr'><strong>ipsis</strong></span> <span class='ocrx_word' id='word_1_123' title='bbox 1059 1569 1208 1644; x_wconf 76' lang='lat' dir='ltr'><strong>Apostolis</strong></span> <span class='ocrx_word' id='word_1_124' title='bbox 1256 1610 1257 1613; x_wconf 63' lang='lat'><strong>,</strong></span> 
     </span>
    </p>

    <p class='ocr_par' dir='ltr' id='par_1_5' title="bbox 183 1647 1257 2298">
     <span class='ocr_line' id='line_1_18' title="bbox 183 1647 1207 1728; baseline -0.002 -20"><span class='ocrx_word' id='word_1_125' title='bbox 183 1696 184 1699; x_wconf 15' lang='grc' dir='ltr'>η</span> <span class='ocrx_word' id='word_1_126' title='bbox 255 1665 424 1708; x_wconf 81' lang='lat' dir='ltr'><strong>emanasse.</strong></span> <span class='ocrx_word' id='word_1_127' title='bbox 458 1647 699 1709; x_wconf 85' lang='lat' dir='ltr'><strong>Christianorum</strong></span> <span class='ocrx_word' id='word_1_128' title='bbox 721 1650 888 1710; x_wconf 87' lang='lat' dir='ltr'><strong>viventium</strong></span> <span class='ocrx_word' id='word_1_129' title='bbox 922 1667 1027 1727; x_wconf 89' lang='lat' dir='ltr'><strong>preces</strong></span> <span class='ocrx_word' id='word_1_130' title='bbox 1049 1650 1207 1728; x_wconf 78' lang='lat' dir='ltr'><strong>suffragari</strong></span> 
     </span>
     <span class='ocr_line' id='line_1_19' title="bbox 254 1729 1208 1806; baseline 0 -16"><span class='ocrx_word' id='word_1_131' title='bbox 254 1747 367 1806; x_wconf 82' lang='lat' dir='ltr'><strong>posse,</strong></span> <span class='ocrx_word' id='word_1_132' title='bbox 391 1734 422 1788; x_wconf 86' lang='lat' dir='ltr'><strong>et</strong></span> <span class='ocrx_word' id='word_1_133' title='bbox 441 1730 582 1806; x_wconf 84' lang='lat' dir='ltr'><strong>prodesse</strong></span> <span class='ocrx_word' id='word_1_134' title='bbox 604 1729 737 1790; x_wconf 89' lang='lat' dir='ltr'><strong>lidelinm</strong></span> <span class='ocrx_word' id='word_1_135' title='bbox 762 1731 978 1792; x_wconf 78' lang='lat' dir='ltr'><strong>Defunctornrn</strong></span> <span class='ocrx_word' id='word_1_136' title='bbox 1001 1734 1163 1797; x_wconf 78' lang='lat' dir='ltr'><strong>animabus</strong></span> <span class='ocrx_word' id='word_1_137' title='bbox 1184 1733 1208 1790; x_wconf 91' lang='lat' dir='ltr'><strong>in</strong></span> 
     </span>
     <span class='ocr_line' id='line_1_20' title="bbox 254 1809 1257 1892; baseline 0.004 -23"><span class='ocrx_word' id='word_1_138' title='bbox 254 1809 434 1888; x_wconf 88' lang='lat' dir='ltr'><strong>Purgalorio</strong></span> <span class='ocrx_word' id='word_1_139' title='bbox 456 1813 602 1880; x_wconf 84' lang='lat' dir='ltr'><strong>detentis,</strong></span> <span class='ocrx_word' id='word_1_140' title='bbox 627 1817 674 1872; x_wconf 87' lang='lat' dir='ltr'><strong>est</strong></span> <span class='ocrx_word' id='word_1_141' title='bbox 694 1814 894 1873; x_wconf 87' lang='lat' dir='ltr'><strong>certissimum</strong></span> <span class='ocrx_word' id='word_1_142' title='bbox 917 1810 999 1873; x_wconf 84' lang='lat' dir='ltr'><strong>Fidei</strong></span> <span class='ocrx_word' id='word_1_143' title='bbox 1023 1816 1157 1892; x_wconf 82' lang='lat' dir='ltr'><strong>dogma,</strong></span> <span class='ocrx_word' id='word_1_144' title='bbox 1177 1819 1207 1873; x_wconf 90' lang='lat' dir='ltr'><strong>et</strong></span> <span class='ocrx_word' id='word_1_145' title='bbox 1256 1866 1257 1889; x_wconf 54' lang='lat'><strong>.</strong></span> 
     </span>
     <span class='ocr_line' id='line_1_21' title="bbox 255 1891 1257 1966; baseline 0.005 -16"><span class='ocrx_word' id='word_1_146' title='bbox 255 1892 367 1956; x_wconf 84' lang='lat' dir='ltr'><strong>idcirco</strong></span> <span class='ocrx_word' id='word_1_147' title='bbox 388 1891 494 1952; x_wconf 87' lang='lat' dir='ltr'><strong>Sancta</strong></span> <span class='ocrx_word' id='word_1_148' title='bbox 509 1895 607 1954; x_wconf 86' lang='lat' dir='ltr'><strong>Mater</strong></span> <span class='ocrx_word' id='word_1_149' title='bbox 623 1892 754 1954; x_wconf 85' lang='lat' dir='ltr'><strong>Ecclesia</strong></span> <span class='ocrx_word' id='word_1_150' title='bbox 775 1895 890 1954; x_wconf 85' lang='lat' dir='ltr'><strong>salubri</strong></span> <span class='ocrx_word' id='word_1_151' title='bbox 913 1896 1037 1956; x_wconf 90' lang='lat' dir='ltr'><strong>consilio</strong></span> <span class='ocrx_word' id='word_1_152' title='bbox 1058 1897 1203 1966; x_wconf 75' lang='lat' dir='ltr'><strong>decrerit,</strong></span> <span class='ocrx_word' id='word_1_153' title='bbox 1256 1900 1257 1933; x_wconf 54' lang='lat' dir='ltr'><strong>l</strong></span> 
     </span>
     <span class='ocr_line' id='line_1_22' title="bbox 254 1973 1208 2054; baseline 0.004 -20"><span class='ocrx_word' id='word_1_154' title='bbox 254 1979 288 2034; x_wconf 88' lang='lat' dir='ltr'><strong>ut</strong></span> <span class='ocrx_word' id='word_1_155' title='bbox 316 1974 493 2034; x_wconf 82' lang='lat' dir='ltr'><strong>Sacerdotes</strong></span> <span class='ocrx_word' id='word_1_156' title='bbox 525 1976 555 2034; x_wconf 93' lang='lat' dir='ltr'><strong>in</strong></span> <span class='ocrx_word' id='word_1_157' title='bbox 585 1977 648 2036; x_wconf 81' lang='lat' dir='ltr'><strong>suis</strong></span> <span class='ocrx_word' id='word_1_158' title='bbox 668 1973 829 2036; x_wconf 76' lang='lat' dir='ltr'><strong>sacrificiis</strong></span> <span class='ocrx_word' id='word_1_159' title='bbox 855 1979 989 2038; x_wconf 91' lang='lat' dir='ltr'><strong>recolant</strong></span> <span class='ocrx_word' id='word_1_160' title='bbox 1010 1975 1134 2054; x_wconf 76' lang='lat' dir='ltr'><strong>semper</strong></span> <span class='ocrx_word' id='word_1_161' title='bbox 1162 1995 1208 2038; x_wconf 90' lang='lat' dir='ltr'><strong>eo·</strong></span> 
     </span>
     <span class='ocr_line' id='line_1_23' title="bbox 253 2055 1206 2121; baseline -0.001 -5"><span class='ocrx_word' id='word_1_162' title='bbox 253 2057 394 2118; x_wconf 89' lang='lat' dir='ltr'><strong>rumdem</strong></span> <span class='ocrx_word' id='word_1_163' title='bbox 407 2055 623 2117; x_wconf 84' lang='lat' dir='ltr'><strong>Deirrnctorurn</strong></span> <span class='ocrx_word' id='word_1_164' title='bbox 646 2057 836 2117; x_wconf 85' lang='lat' dir='ltr'><strong>memoriam.</strong></span> <span class='ocrx_word' id='word_1_165' title='bbox 859 2057 999 2119; x_wconf 83' lang='lat' dir='ltr'><strong>Officium</strong></span> <span class='ocrx_word' id='word_1_166' title='bbox 1016 2060 1206 2121; x_wconf 87' lang='lat' dir='ltr'><strong>Mortuerum</strong></span> 
     </span>
     <span class='ocr_line' id='line_1_24' title="bbox 255 2137 1207 2217; baseline -0.002 -19"><span class='ocrx_word' id='word_1_167' title='bbox 255 2140 386 2217; x_wconf 83' lang='lat' dir='ltr'><strong>incipere</strong></span> <span class='ocrx_word' id='word_1_168' title='bbox 408 2155 425 2195; x_wconf 88' lang='lat' dir='ltr'><strong>a</strong></span> <span class='ocrx_word' id='word_1_169' title='bbox 448 2137 591 2214; x_wconf 83' lang='lat' dir='ltr'><strong>Vesperis</strong></span> <span class='ocrx_word' id='word_1_170' title='bbox 622 2138 712 2198; x_wconf 84' lang='lat' dir='ltr'><strong>dooet</strong></span> <span class='ocrx_word' id='word_1_171' title='bbox 742 2137 771 2194; x_wconf 92' lang='lat' dir='ltr'><strong>in</strong></span> <span class='ocrx_word' id='word_1_172' title='bbox 800 2157 854 2198; x_wconf 83' lang='lat' dir='ltr'><strong>suo</strong></span> <span class='ocrx_word' id='word_1_173' title='bbox 876 2139 1022 2200; x_wconf 89' lang='lat' dir='ltr'><strong>Rationali</strong></span> <span class='ocrx_word' id='word_1_174' title='bbox 1049 2140 1207 2202; x_wconf 85' lang='lat' dir='ltr'><strong>Duraodus</strong></span> 
     </span>
     <span class='ocr_line' id='line_1_25' title="bbox 254 2217 1204 2298; baseline -0.002 -18"><span class='ocrx_word' id='word_1_175' title='bbox 254 2220 320 2280; x_wconf 91' lang='lat' dir='ltr'><strong>Lib.</strong></span> <span class='ocrx_word' id='word_1_176' title='bbox 346 2217 401 2278; x_wconf 89' lang='lat' dir='ltr'><strong>Vll</strong></span> <span class='ocrx_word' id='word_1_177' title='bbox 424 2219 498 2296; x_wconf 83' lang='lat' dir='ltr'><strong>Cap.</strong></span> <span class='ocrx_word' id='word_1_178' title='bbox 522 2219 649 2280; x_wconf 85' lang='lat' dir='ltr'>XXXV</span> <span class='ocrx_word' id='word_1_179' title='bbox 677 2217 769 2280; x_wconf 89' lang='lat' dir='ltr'><strong>Num.</strong></span> <span class='ocrx_word' id='word_1_180' title='bbox 794 2219 936 2280; x_wconf 87' lang='lat' dir='ltr'><strong>XXXlll</strong></span> <span class='ocrx_word' id='word_1_181' title='bbox 964 2221 1107 2298; x_wconf 84' lang='lat' dir='ltr'><strong>additque</strong></span> <span class='ocrx_word' id='word_1_182' title='bbox 1140 2238 1204 2281; x_wconf 82' lang='lat' dir='ltr'><strong>mor</strong></span> 
     </span>
    </p>

    <p class='ocr_par' dir='ltr' id='par_1_6' title="bbox 76 2299 1257 3358">
     <span class='ocr_line' id='line_1_26' title="bbox 76 2299 1207 2379; baseline -0.002 -17"><span class='ocrx_word' id='word_1_183' title='bbox 76 2372 81 2379; x_wconf 31' lang='lat'>¹</span> <span class='ocrx_word' id='word_1_184' title='bbox 186 2350 189 2355; x_wconf 92' lang='lat'><strong>.</strong></span> <span class='ocrx_word' id='word_1_185' title='bbox 255 2301 345 2362; x_wconf 89' lang='lat' dir='ltr'><strong>Num.</strong></span> <span class='ocrx_word' id='word_1_186' title='bbox 363 2299 504 2362; x_wconf 86' lang='lat' dir='ltr'>XXXIV</span> <span class='ocrx_word' id='word_1_187' title='bbox 520 2319 578 2360; x_wconf 90' lang='lat' dir='ltr'><strong>non</strong></span> <span class='ocrx_word' id='word_1_188' title='bbox 596 2303 709 2362; x_wconf 83' lang='lat' dir='ltr'><strong>habere</strong></span> <span class='ocrx_word' id='word_1_189' title='bbox 723 2303 820 2377; x_wconf 83' lang='lat' dir='ltr'><strong>ipsum</strong></span> <span class='ocrx_word' id='word_1_190' title='bbox 836 2301 975 2377; x_wconf 80' lang='lat' dir='ltr'><strong>Officium</strong></span> <span class='ocrx_word' id='word_1_191' title='bbox 991 2305 1143 2364; x_wconf 88' lang='lat' dir='ltr'><strong>secundas</strong></span> <span class='ocrx_word' id='word_1_192' title='bbox 1156 2300 1207 2360; x_wconf 86' lang='lat' dir='ltr'><strong>Ve-</strong></span> 
     </span>
     <span class='ocr_line' id='line_1_27' title="bbox 254 2379 1257 2463; baseline -0.002 -17"><span class='ocrx_word' id='word_1_193' title='bbox 254 2403 382 2463; x_wconf 85' lang='lat' dir='ltr'><strong>speras,</strong></span> <span class='ocrx_word' id='word_1_194' title='bbox 408 2384 469 2443; x_wconf 86' lang='lat' dir='ltr'><strong>imo</strong></span> <span class='ocrx_word' id='word_1_195' title='bbox 492 2401 544 2442; x_wconf 88' lang='lat' dir='ltr'><strong>nec</strong></span> <span class='ocrx_word' id='word_1_196' title='bbox 567 2385 639 2443; x_wconf 90' lang='lat' dir='ltr'><strong>alias</strong></span> <span class='ocrx_word' id='word_1_197' title='bbox 660 2380 761 2442; x_wconf 83' lang='lat' dir='ltr'><strong>Horas</strong></span> <span class='ocrx_word' id='word_1_198' title='bbox 781 2379 946 2444; x_wconf 85' lang='lat' dir='ltr'><strong>Canonicas</strong></span> <span class='ocrx_word' id='word_1_199' title='bbox 969 2388 1093 2458; x_wconf 38' lang='lat' dir='ltr'><strong>praeter.</strong></span> <span class='ocrx_word' id='word_1_200' title='bbox 1112 2385 1205 2447; x_wconf 86' lang='lat' dir='ltr'><strong>Matu-</strong></span> <span class='ocrx_word' id='word_1_201' title='bbox 1256 2382 1257 2389; x_wconf 64' lang='lat'><em>&#39;</em></span> 
     </span>
     <span class='ocr_line' id='line_1_28' title="bbox 254 2463 1257 2541; baseline -0.004 -13"><span class='ocrx_word' id='word_1_202' title='bbox 254 2468 349 2528; x_wconf 86' lang='lat' dir='ltr'><strong>tinum</strong></span> <span class='ocrx_word' id='word_1_203' title='bbox 372 2471 403 2526; x_wconf 90' lang='lat' dir='ltr'><strong>et</strong></span> <span class='ocrx_word' id='word_1_204' title='bbox 423 2465 562 2534; x_wconf 85' lang='lat' dir='ltr'><strong>Laudes,</strong></span> <span class='ocrx_word' id='word_1_205' title='bbox 587 2466 624 2525; x_wconf 92' lang='lat' dir='ltr'><strong>ob</strong></span> <span class='ocrx_word' id='word_1_206' title='bbox 648 2465 794 2524; x_wconf 88' lang='lat' dir='ltr'><strong>minorem</strong></span> <span class='ocrx_word' id='word_1_207' title='bbox 817 2466 930 2527; x_wconf 86' lang='lat' dir='ltr'><strong>scilicet</strong></span> <span class='ocrx_word' id='word_1_208' title='bbox 951 2463 1019 2541; x_wconf 84' lang='lat' dir='ltr'><strong>ejus</strong></span> <span class='ocrx_word' id='word_1_209' title='bbox 1041 2464 1142 2525; x_wconf 85' lang='lat' dir='ltr'><strong>Ottioii</strong></span> <span class='ocrx_word' id='word_1_210' title='bbox 1164 2483 1208 2524; x_wconf 85' lang='lat' dir='ltr'><strong>so·</strong></span> <span class='ocrx_word' id='word_1_211' title='bbox 1256 2488 1257 2493; x_wconf 46' lang='lat'>¹</span> 
     </span>
     <span class='ocr_line' id='line_1_29' title="bbox 254 2544 1257 2633; baseline -0.003 -26"><span class='ocrx_word' id='word_1_212' title='bbox 254 2549 451 2609; x_wconf 86' lang='lat' dir='ltr'><strong>lemnitatem.</strong></span> <span class='ocrx_word' id='word_1_213' title='bbox 476 2545 589 2622; x_wconf 85' lang='lat' dir='ltr'><strong>Estque</strong></span> <span class='ocrx_word' id='word_1_214' title='bbox 604 2549 629 2606; x_wconf 90' lang='lat' dir='ltr'><strong>is</strong></span> <span class='ocrx_word' id='word_1_215' title='bbox 645 2546 732 2607; x_wconf 90' lang='lat' dir='ltr'><strong>hodie</strong></span> <span class='ocrx_word' id='word_1_216' title='bbox 747 2563 818 2606; x_wconf 82' lang='lat' dir='ltr'><strong>usus</strong></span> <span class='ocrx_word' id='word_1_217' title='bbox 833 2544 998 2614; x_wconf 82' lang='lat' dir='ltr'><strong>Ecclesiae,</strong></span> <span class='ocrx_word' id='word_1_218' title='bbox 1023 2548 1104 2609; x_wconf 89' lang='lat' dir='ltr'><strong>sicut</strong></span> <span class='ocrx_word' id='word_1_219' title='bbox 1118 2549 1204 2613; x_wconf 87' lang='lat' dir='ltr'><strong>etiam</strong></span> <span class='ocrx_word' id='word_1_220' title='bbox 1256 2554 1257 2633; x_wconf 62' lang='lat' dir='ltr'>j</span> 
     </span>
     <span class='ocr_line' id='line_1_30' title="bbox 255 2625 1257 2708; baseline -0.001 -18"><span class='ocrx_word' id='word_1_221' title='bbox 255 2631 325 2690; x_wconf 89' lang='lat' dir='ltr'><strong>olim</strong></span> <span class='ocrx_word' id='word_1_222' title='bbox 349 2629 416 2691; x_wconf 87' lang='lat' dir='ltr'><strong>init.</strong></span> <span class='ocrx_word' id='word_1_223' title='bbox 442 2633 476 2688; x_wconf 89' lang='lat' dir='ltr'><strong>nt</strong></span> <span class='ocrx_word' id='word_1_224' title='bbox 497 2628 686 2688; x_wconf 77' lang='lat' dir='ltr'><strong>Morinorum</strong></span> <span class='ocrx_word' id='word_1_225' title='bbox 706 2625 849 2687; x_wconf 82' lang='lat' dir='ltr'><strong>Officium</strong></span> <span class='ocrx_word' id='word_1_226' title='bbox 871 2630 943 2688; x_wconf 88' lang='lat' dir='ltr'><strong>solis</strong></span> <span class='ocrx_word' id='word_1_227' title='bbox 965 2630 1071 2706; x_wconf 86' lang='lat' dir='ltr'><strong>primis</strong></span> <span class='ocrx_word' id='word_1_228' title='bbox 1094 2629 1205 2708; x_wconf 82' lang='lat' dir='ltr'><strong>Vespe·</strong></span> <span class='ocrx_word' id='word_1_229' title='bbox 1256 2638 1257 2681; x_wconf 73' lang='lat' dir='ltr'><strong>i</strong></span> 
     </span>
     <span class='ocr_line' id='line_1_31' title="bbox 254 2709 1204 2773; baseline -0.002 -3"><span class='ocrx_word' id='word_1_230' title='bbox 254 2713 296 2770; x_wconf 88' lang='lat' dir='ltr'><strong>ris</strong></span> <span class='ocrx_word' id='word_1_231' title='bbox 318 2718 349 2771; x_wconf 89' lang='lat' dir='ltr'><strong>et</strong></span> <span class='ocrx_word' id='word_1_232' title='bbox 371 2709 519 2770; x_wconf 90' lang='lat' dir='ltr'><strong>Matutino</strong></span> <span class='ocrx_word' id='word_1_233' title='bbox 551 2716 581 2770; x_wconf 90' lang='lat' dir='ltr'><strong>et</strong></span> <span class='ocrx_word' id='word_1_234' title='bbox 602 2709 756 2769; x_wconf 86' lang='lat' dir='ltr'><strong>Laudibus</strong></span> <span class='ocrx_word' id='word_1_235' title='bbox 789 2710 970 2773; x_wconf 84' lang='lat' dir='ltr'><strong>celebretur.</strong></span> <span class='ocrx_word' id='word_1_236' title='bbox 994 2712 1145 2771; x_wconf 81' lang='lat' dir='ltr'><strong>Recitatis</strong></span> <span class='ocrx_word' id='word_1_237' title='bbox 1163 2710 1204 2772; x_wconf 90' lang='lat' dir='ltr'><strong>In·</strong></span> 
     </span>
     <span class='ocr_line' id='line_1_32' title="bbox 252 2789 1203 2868; baseline -0.001 -17"><span class='ocrx_word' id='word_1_238' title='bbox 252 2793 383 2852; x_wconf 84' lang='lat' dir='ltr'><strong>vitatorii</strong></span> <span class='ocrx_word' id='word_1_239' title='bbox 400 2809 473 2849; x_wconf 90' lang='lat' dir='ltr'><strong>non</strong></span> <span class='ocrx_word' id='word_1_240' title='bbox 497 2791 538 2850; x_wconf 89' lang='lat' dir='ltr'><strong>ita</strong></span> <span class='ocrx_word' id='word_1_241' title='bbox 560 2793 682 2868; x_wconf 85' lang='lat' dir='ltr'><strong>antiqua</strong></span> <span class='ocrx_word' id='word_1_242' title='bbox 715 2796 761 2850; x_wconf 90' lang='lat' dir='ltr'><strong>est</strong></span> <span class='ocrx_word' id='word_1_243' title='bbox 793 2790 822 2849; x_wconf 93' lang='lat' dir='ltr'><strong>iu</strong></span> <span class='ocrx_word' id='word_1_244' title='bbox 844 2789 951 2852; x_wconf 85' lang='lat' dir='ltr'><strong>Officio</strong></span> <span class='ocrx_word' id='word_1_245' title='bbox 976 2791 1203 2858; x_wconf 83' lang='lat' dir='ltr'><strong>lleiunctorurn.</strong></span> 
     </span>
     <span class='ocr_line' id='line_1_33' title="bbox 254 2871 1257 2950; baseline 0.002 -17"><span class='ocrx_word' id='word_1_246' title='bbox 254 2871 457 2950; x_wconf 82' lang='lat' dir='ltr'><strong>Antlplronae‚</strong></span> <span class='ocrx_word' id='word_1_247' title='bbox 482 2871 615 2938; x_wconf 89' lang='lat' dir='ltr'><strong>Psalmi,</strong></span> <span class='ocrx_word' id='word_1_248' title='bbox 639 2873 730 2933; x_wconf 86' lang='lat' dir='ltr'><strong>iidem</strong></span> <span class='ocrx_word' id='word_1_249' title='bbox 754 2891 829 2949; x_wconf 86' lang='lat' dir='ltr'><strong>pene</strong></span> <span class='ocrx_word' id='word_1_250' title='bbox 850 2875 921 2934; x_wconf 92' lang='lat' dir='ltr'><strong>olim</strong></span> <span class='ocrx_word' id='word_1_251' title='bbox 943 2875 995 2950; x_wconf 87' lang='lat' dir='ltr'><strong>qui</strong></span> <span class='ocrx_word' id='word_1_252' title='bbox 1019 2893 1098 2934; x_wconf 89' lang='lat' dir='ltr'><strong>nunc</strong></span> <span class='ocrx_word' id='word_1_253' title='bbox 1121 2892 1205 2935; x_wconf 87' lang='lat' dir='ltr'><strong>usur·</strong></span> <span class='ocrx_word' id='word_1_254' title='bbox 1256 2932 1257 2935; x_wconf 74' lang='grc'>,</span> 
     </span>
     <span class='ocr_line' id='line_1_34' title="bbox 252 2951 1205 3033; baseline -0.002 -17"><span class='ocrx_word' id='word_1_255' title='bbox 252 2955 371 3033; x_wconf 74' lang='lat' dir='ltr'><strong>uantur,</strong></span> <span class='ocrx_word' id='word_1_256' title='bbox 394 2955 438 3015; x_wconf 89' lang='lat' dir='ltr'><strong>uti</strong></span> <span class='ocrx_word' id='word_1_257' title='bbox 455 2959 581 3014; x_wconf 86' lang='lat' dir='ltr'><strong>testatur</strong></span> <span class='ocrx_word' id='word_1_258' title='bbox 603 2951 752 3016; x_wconf 82' lang='lat' dir='ltr'><strong>Martene·</strong></span> <span class='ocrx_word' id='word_1_259' title='bbox 768 2953 863 3014; x_wconf 88' lang='lat' dir='ltr'><strong>Porro</strong></span> <span class='ocrx_word' id='word_1_260' title='bbox 885 2957 966 3030; x_wconf 86' lang='lat' dir='ltr'><strong>quod</strong></span> <span class='ocrx_word' id='word_1_261' title='bbox 988 2954 1148 3016; x_wconf 85' lang='lat' dir='ltr'><strong>Lectiones</strong></span> <span class='ocrx_word' id='word_1_262' title='bbox 1166 2960 1205 3014; x_wconf 80' lang='lat' dir='ltr'><strong>at·</strong></span> 
     </span>
     <span class='ocr_line' id='line_1_35' title="bbox 253 3033 1202 3116; baseline -0.001 -18"><span class='ocrx_word' id='word_1_263' title='bbox 253 3038 337 3109; x_wconf 84' lang='lat' dir='ltr'><strong>tinet,</strong></span> <span class='ocrx_word' id='word_1_264' title='bbox 364 3039 438 3096; x_wconf 91' lang='lat' dir='ltr'><strong>mira</strong></span> <span class='ocrx_word' id='word_1_265' title='bbox 455 3042 535 3095; x_wconf 84' lang='lat' dir='ltr'><strong>certe.</strong></span> <span class='ocrx_word' id='word_1_266' title='bbox 559 3034 614 3096; x_wconf 86' lang='lat' dir='ltr'><strong>luit</strong></span> <span class='ocrx_word' id='word_1_267' title='bbox 636 3033 839 3096; x_wconf 80' lang='lat' dir='ltr'><strong>Ecclesiarum</strong></span> <span class='ocrx_word' id='word_1_268' title='bbox 859 3037 1005 3097; x_wconf 83' lang='lat' dir='ltr'><strong>varietas:</strong></span> <span class='ocrx_word' id='word_1_269' title='bbox 1029 3036 1069 3095; x_wconf 86' lang='lat' dir='ltr'><strong>ln</strong></span> <span class='ocrx_word' id='word_1_270' title='bbox 1091 3038 1202 3116; x_wconf 65' lang='lat' dir='ltr'><strong>quibis·v</strong></span> 
     </span>
     <span class='ocr_line' id='line_1_36' title="bbox 253 3115 1203 3195; baseline -0.003 -17"><span class='ocrx_word' id='word_1_271' title='bbox 253 3117 324 3178; x_wconf 80' lang='lat' dir='ltr'><strong>dem</strong></span> <span class='ocrx_word' id='word_1_272' title='bbox 358 3119 434 3178; x_wconf 79' lang='lat' dir='ltr'><strong>onim</strong></span> <span class='ocrx_word' id='word_1_273' title='bbox 460 3115 623 3185; x_wconf 69' lang='lat' dir='ltr'><strong>Ecclesiae,</strong></span> <span class='ocrx_word' id='word_1_274' title='bbox 649 3122 724 3177; x_wconf 87' lang='lat' dir='ltr'><strong>teste</strong></span> <span class='ocrx_word' id='word_1_275' title='bbox 746 3117 878 3177; x_wconf 83' lang='lat' dir='ltr'><strong>lteletbo</strong></span> <span class='ocrx_word' id='word_1_276' title='bbox 892 3115 964 3195; x_wconf 80' lang='lat' dir='ltr'><strong>Can.</strong></span> <span class='ocrx_word' id='word_1_277' title='bbox 989 3117 1083 3187; x_wconf 70' lang='lat' dir='ltr'><strong>CLXl</strong></span> <span class='ocrx_word' id='word_1_278' title='bbox 1105 3136 1203 3178; x_wconf 79' lang='lat' dir='ltr'><strong>nouem</strong></span> 
     </span>
     <span class='ocr_line' id='line_1_37' title="bbox 252 3197 1203 3277; baseline -0.002 -17"><span class='ocrx_word' id='word_1_279' title='bbox 252 3202 396 3277; x_wconf 76' lang='lat' dir='ltr'><strong>leguntur</strong></span> <span class='ocrx_word' id='word_1_280' title='bbox 410 3199 547 3259; x_wconf 80' lang='lat' dir='ltr'><strong>lectiones</strong></span> <span class='ocrx_word' id='word_1_281' title='bbox 563 3217 601 3258; x_wconf 76' lang='lat' dir='ltr'><strong>rar</strong></span> <span class='ocrx_word' id='word_1_282' title='bbox 615 3197 667 3258; x_wconf 86' lang='lat' dir='ltr'><strong>Iob</strong></span> <span class='ocrx_word' id='word_1_283' title='bbox 681 3220 692 3269; x_wconf 91' lang='lat'><strong>,·</strong></span> <span class='ocrx_word' id='word_1_284' title='bbox 717 3200 752 3258; x_wconf 78' lang='lat' dir='ltr'><strong>in</strong></span> <span class='ocrx_word' id='word_1_285' title='bbox 779 3199 849 3258; x_wconf 87' lang='lat' dir='ltr'><strong>otiis</strong></span> <span class='ocrx_word' id='word_1_286' title='bbox 862 3218 933 3259; x_wconf 81' lang='lat' dir='ltr'><strong>uero</strong></span> <span class='ocrx_word' id='word_1_287' title='bbox 947 3199 1083 3269; x_wconf 84' lang='lat' dir='ltr'><strong>totidem,</strong></span> <span class='ocrx_word' id='word_1_288' title='bbox 1106 3199 1155 3260; x_wconf 84' lang='lat' dir='ltr'><strong>red</strong></span> <span class='ocrx_word' id='word_1_289' title='bbox 1169 3217 1203 3258; x_wconf 77' lang='lat' dir='ltr'><strong>ro</strong></span> 
     </span>
     <span class='ocr_line' id='line_1_38' title="bbox 251 3278 1202 3358; baseline -0.001 -17"><span class='ocrx_word' id='word_1_290' title='bbox 251 3279 341 3342; x_wconf 86' lang='lat' dir='ltr'><strong>Libro</strong></span> <span class='ocrx_word' id='word_1_291' title='bbox 360 3278 543 3358; x_wconf 82' lang='lat' dir='ltr'><strong>Sapientior.</strong></span> <span class='ocrx_word' id='word_1_292' title='bbox 561 3278 675 3340; x_wconf 84' lang='lat' dir='ltr'><strong>Eodem</strong></span> <span class='ocrx_word' id='word_1_293' title='bbox 697 3297 776 3357; x_wconf 86' lang='lat' dir='ltr'><strong>quae</strong></span> <span class='ocrx_word' id='word_1_294' title='bbox 797 3281 886 3340; x_wconf 86' lang='lat' dir='ltr'><strong>docet</strong></span> <span class='ocrx_word' id='word_1_295' title='bbox 906 3281 1044 3342; x_wconf 85' lang='lat' dir='ltr'><strong>laudatus</strong></span> <span class='ocrx_word' id='word_1_296' title='bbox 1066 3281 1202 3342; x_wconf 84' lang='lat' dir='ltr'><strong>Reletbus</strong></span> 
     </span>
    </p>

    <p class='ocr_par' dir='ltr' id='par_1_7' title="bbox 183 3359 1257 3685">
     <span class='ocr_line' id='line_1_39' title="bbox 183 3359 1201 3438; baseline 0 -18"><span class='ocrx_word' id='word_1_297' title='bbox 183 3370 185 3374; x_wconf 82' lang='grc'><strong>’</strong></span> <span class='ocrx_word' id='word_1_298' title='bbox 253 3361 365 3422; x_wconf 84' lang='lat' dir='ltr'><strong>saeculi</strong></span> <span class='ocrx_word' id='word_1_299' title='bbox 392 3359 454 3421; x_wconf 85' lang='lat' dir='ltr'><strong>Xll</strong></span> <span class='ocrx_word' id='word_1_300' title='bbox 476 3363 628 3438; x_wconf 85' lang='lat' dir='ltr'><strong>scriptor,</strong></span> <span class='ocrx_word' id='word_1_301' title='bbox 658 3363 756 3421; x_wconf 84' lang='lat' dir='ltr'><strong>tradit</strong></span> <span class='ocrx_word' id='word_1_302' title='bbox 773 3359 931 3424; x_wconf 80' lang='lat' dir='ltr'><strong>{iurandus</strong></span> <span class='ocrx_word' id='word_1_303' title='bbox 958 3363 1009 3438; x_wconf 81' lang='lat' dir='ltr'><strong>qui</strong></span> <span class='ocrx_word' id='word_1_304' title='bbox 1034 3361 1138 3423; x_wconf 90' lang='lat' dir='ltr'><strong>lloruit</strong></span> <span class='ocrx_word' id='word_1_305' title='bbox 1163 3361 1201 3420; x_wconf 81' lang='lat' dir='ltr'><strong>ls-</strong></span> 
     </span>
     <span class='ocr_line' id='line_1_40' title="bbox 252 3441 1257 3522; baseline 0.004 -20"><span class='ocrx_word' id='word_1_306' title='bbox 252 3441 341 3502; x_wconf 90' lang='lat' dir='ltr'><strong>bente</strong></span> <span class='ocrx_word' id='word_1_307' title='bbox 360 3443 477 3502; x_wconf 89' lang='lat' dir='ltr'><strong>saeculo</strong></span> <span class='ocrx_word' id='word_1_308' title='bbox 489 3441 563 3502; x_wconf 87' lang='lat' dir='ltr'><strong>Xlll</strong></span> <span class='ocrx_word' id='word_1_309' title='bbox 575 3443 640 3502; x_wconf 91' lang='lat' dir='ltr'><strong>Lib.</strong></span> <span class='ocrx_word' id='word_1_310' title='bbox 658 3441 717 3504; x_wconf 78' lang='lat' dir='ltr'><strong>vlt</strong></span> <span class='ocrx_word' id='word_1_311' title='bbox 731 3445 778 3506; x_wconf 90' lang='lat' dir='ltr'><strong>sui</strong></span> <span class='ocrx_word' id='word_1_312' title='bbox 798 3442 974 3508; x_wconf 80' lang='lat' dir='ltr'><strong>Rationalis.</strong></span> <span class='ocrx_word' id='word_1_313' title='bbox 989 3441 1200 3522; x_wconf 63' lang='lat' dir='ltr'><strong>uanxxxu</strong></span> <span class='ocrx_word' id='word_1_314' title='bbox 1256 3466 1257 3469; x_wconf 45' lang='lat'>¹</span> 
     </span>
     <span class='ocr_line' id='line_1_41' title="bbox 252 3520 1201 3602; baseline 0.009 -22"><span class='ocrx_word' id='word_1_315' title='bbox 252 3520 343 3582; x_wconf 82' lang='lat' dir='ltr'><strong>Num.</strong></span> <span class='ocrx_word' id='word_1_316' title='bbox 366 3523 517 3585; x_wconf 88' lang='lat' dir='ltr'><strong>XXXlll.</strong></span> <span class='ocrx_word' id='word_1_317' title='bbox 541 3523 608 3586; x_wconf 84' lang='lat' dir='ltr'><strong>Non</strong></span> <span class='ocrx_word' id='word_1_318' title='bbox 630 3524 742 3586; x_wconf 84' lang='lat' dir='ltr'><strong>habent</strong></span> <span class='ocrx_word' id='word_1_319' title='bbox 766 3524 905 3587; x_wconf 87' lang='lat' dir='ltr'><strong>lleiuncti</strong></span> <span class='ocrx_word' id='word_1_320' title='bbox 926 3527 1074 3586; x_wconf 83' lang='lat' dir='ltr'><strong>secundas</strong></span> <span class='ocrx_word' id='word_1_321' title='bbox 1097 3526 1201 3602; x_wconf 77' lang='lat' dir='ltr'><strong>Vene-</strong></span> 
     </span>
     <span class='ocr_line' id='line_1_42' title="bbox 253 3605 1199 3685; baseline 0.004 -23"><span class='ocrx_word' id='word_1_322' title='bbox 253 3621 327 3674; x_wconf 89' lang='lat' dir='ltr'><strong>ras,</strong></span> <span class='ocrx_word' id='word_1_323' title='bbox 351 3605 387 3662; x_wconf 92' lang='lat' dir='ltr'><strong>ad</strong></span> <span class='ocrx_word' id='word_1_324' title='bbox 410 3605 635 3682; x_wconf 88' lang='lat' dir='ltr'><strong>significandum</strong></span> <span class='ocrx_word' id='word_1_325' title='bbox 657 3605 740 3685; x_wconf 84' lang='lat' dir='ltr'><strong>qood</strong></span> <span class='ocrx_word' id='word_1_326' title='bbox 766 3607 824 3667; x_wconf 91' lang='lat' dir='ltr'><strong>boc</strong></span> <span class='ocrx_word' id='word_1_327' title='bbox 845 3607 976 3670; x_wconf 82' lang='lat' dir='ltr'><strong>officium</strong></span> <span class='ocrx_word' id='word_1_328' title='bbox 999 3606 1090 3672; x_wconf 84' lang='lat' dir='ltr'><strong>finem</strong></span> <span class='ocrx_word' id='word_1_329' title='bbox 1113 3607 1199 3668; x_wconf 85' lang='lat' dir='ltr'><strong>habe·</strong></span> 
     </span>
    </p>
   </div>
   <div class='ocr_carea' id='block_1_3' title="bbox 0 0 1288 4042">
    <p class='ocr_par' dir='ltr' id='par_1_8' title="bbox 0 0 1288 4042">
     <span class='ocr_line' id='line_1_43' title="bbox 0 0 1288 4042; baseline 0 1"><span class='ocrx_word' id='word_1_330' title='bbox 0 0 1288 4042; x_wconf 95' lang='lat' dir='ltr'><strong> </strong></span> 
     </span>
    </p>
   </div>
  </div>
 </body>
</html>
