2567 4042
497 172 719 255 assarna

102 322 195 370 mam
219 313 285 379 post
306 302 467 363 Sabbatum
490 303 582 362 diem.
616 302 755 365 Meminit
777 301 902 363 Sanctus
924 300 1033 361 Paulus
1056 301 1070 359 1

101 388 146 446 ad
183 384 352 445 Corinthios
386 384 459 462 Cap.
484 383 562 449 XVI
584 384 823 463 eleemosynae,¹
850 400 925 459 quae
947 384 1069 457 singulis

100 469 275 529 Dominicis
290 446 496 545 colligebatur.
522 467 673 540 Quocirca
696 475 811 527 eertum
827 471 872 525 est
893 466 1068 524 Dominieae

103 551 172 610 diei
197 552 390 611 testivitatem
413 550 450 608 ab
473 550 622 624 Apostolis
645 551 809 610 institutam
833 548 923 607 luisse
945 548 980 607 ad
1001 546 1067 606 Iesu

104 630 224 693 Christi
241 632 411 691 Resurreot
390 632 478 691 tronis
489 630 671 709 lllpsterium
688 632 997 691 commemorandum
1007 628 1068 688 Vo-

105 721 199 775 catur
215 714 333 773 Domini
357 714 430 775 dies.
456 715 596 788 quoniam
619 734 655 774 eo
678 715 788 792 prodiit
810 711 953 772 Dominus
970 714 1064 771 victor

105 816 127 857 e
145 796 275 856 tumulo.
290 796 364 855 Cum
382 814 454 855 vero
466 797 527 853 dies
543 792 699 855 Dominica
715 797 814 854 divino
830 796 990 872 praecipue
1006 793 1069 853 eul-

107 881 157 939 tui
180 886 261 939 esset
283 895 384 942 sacra,
410 879 439 935 in
462 875 526 937 Deo
548 878 695 937 laudando
718 884 778 938 tola
801 876 863 937 lere
887 876 1068 954 transigeba-

108 968 176 1028 tur,
200 960 278 1019 unde
300 958 438 1018 Ollicium
462 978 497 1017 eo
520 960 567 1019 die
583 962 727 1034 prolixius
750 959 851 1027 luisse,
878 964 1067 1036 perspectum

110 1043 263 1103 babemus
284 1060 322 1100 ex
348 1040 416 1099 Vita
437 1041 467 1101 S.
493 1042 609 1111 Sabae,
647 1046 675 1101 in
698 1040 783 1119 cujus
806 1043 986 1101 monasterio
1010 1058 1068 1097 nox

110 1126 144 1183 iu
156 1125 297 1201 precibus
319 1124 530 1199 peragebatur.
555 1123 642 1197 Apud
666 1125 696 1185 S.
714 1122 898 1186 Caesarium,
922 1129 952 1183 et
967 1123 997 1181 S.
1016 1120 1069 1179 De-

110 1207 266 1267 nedictuur
289 1212 379 1280 atque
403 1206 524 1280 ubique,
539 1206 678 1265 Officium
702 1206 795 1265 lusius
818 1211 892 1264 erat.
907 1204 1067 1263 Praeterea

109 1288 143 1349 id
166 1288 310 1365 privilegii
335 1289 389 1346 sibi
414 1288 581 1347 vindicabat
604 1286 779 1354 Dominiea,
804 1292 835 1344 et
857 1290 917 1345 tarn
935 1286 998 1345 Deo
1021 1302 1068 1343 sa-

111 1388 167 1429 cra
189 1370 382 1432 habebatur,
408 1375 440 1427 ut
462 1388 497 1429 ea
521 1371 568 1430 die
592 1368 702 1429 nullius
724 1369 823 1429 Sancti
846 1368 968 1427 Festum
992 1366 1067 1427 cele·

110 1454 265 1513 brarelur.
295 1450 460 1510 Concilium
491 1453 568 1511 enim
592 1450 792 1511 Laodicenum
824 1469 927 1510 eorum
950 1455 1066 1509 tantum

110 1534 437 1595 Commemorationem
454 1533 689 1609 deripermittil.
707 1533 764 1605 Qui
778 1533 898 1607 uiridem
916 1551 980 1591 mos
996 1531 1067 1590 San-

116 1624 234 1686 ctorum
257 1615 353 1674 officia
376 1616 538 1674 Dominicis
560 1616 664 1675 diebus
686 1634 742 1674 non
760 1616 918 1692 peragendi
935 1615 984 1673 diu
1008 1612 1067 1673 Ra-

70 1726 73 1732 ·
117 1716 188 1761 mae
210 1704 343 1758 retentus
366 1703 436 1765 est3
472 1714 541 1757 cum
565 1702 639 1757 leste
662 1698 826 1775 illiorologo
848 1696 921 1774 Cap.
947 1696 987 1754 62
1011 1692 1071 1751 Ro·
1122 1773 1123 1776 Ἴ

112 1800 223 1841 manus
238 1781 324 1839 Ritus
347 1778 519 1837 Dominieae
542 1777 680 1838 Ollieium
706 1798 869 1855 uunquam,
895 1780 950 1837 nisi
967 1779 1004 1837 ob
1019 1796 1068 1837 ce·

111 1864 227 1923 lebrius
249 1861 366 1936 aliquod
390 1857 523 1928 Festum,
541 1861 761 1921 intermitteret:
786 1860 882 1921 quta
899 1860 1068 1919 Romanam

113 1943 390 2005 consuetudinem
377 1962 411 2001 rra
427 1944 509 2001 omrai
530 1941 909 2013 DominicoEcclcsioslr'co
935 1942 1067 2003 Concon-

113 2029 159 2086 trrr‘
173 2046 241 2085 cuna
256 2023 347 2107 offlcro
360 2025 532 2085 Dominieae
547 2025 772 2102 satisfaciemus,
797 2026 855 2083 nist
850 2026 975 2101 aliqua
989 2024 1066 2080 mul-

112 2118 177 2168 tura
203 2108 344 2167 celebrior
369 2117 511 2166 occurrat
536 2103 701 2165 Festioitos.
725 2104 821 2166 Testis
843 2107 918 2164 altor
941 2112 986 2165 est
1007 2104 1067 2163 Ra-

114 2191 243 2266 dulphus
265 2189 457 2264 tungrensis,
483 2188 567 2265 ajens
588 2186 736 2264 Prop.13
757 2189 869 2247 Romae
892 2192 988 2247 aetate
1012 2204 1063 2245 sua

114 2272 225 2348 aliquot
240 2279 354 2330 tantum
377 2270 535 2329 Festorum
553 2270 649 2329 officia
673 2272 835 2329 Dominicis
850 2272 956 2330 diebus
973 2269 1062 2327 luisse

115 2354 283 2419 celebrata,
308 2372 376 2411 cum
400 2354 428 2410 in
455 2352 638 2411 llominieam
662 2352 855 2417 incidissent:
888 2353 969 2411 nulla
992 2370 1063 2409 vero

112 2435 196 2512 juxta
219 2434 322 2496 Ritum
344 2436 590 2493 Ambrosianum.

155 2518 195 2578 ll.
221 2516 377 2594 Proprium
401 2524 467 2575 erat
490 2514 661 2575 Dominieae
684 2516 753 2581 diei,
779 2520 811 2574 ut
833 2514 934 2574 nullae
957 2514 1068 2591 publici

97 2596 208 2659 ‘officii
229 2617 335 2675 preces
357 2598 442 2657 llexis
464 2599 588 2677 genibus
609 2598 739 2666 sierent;
769 2598 819 2671 qui
844 2616 908 2656 mos
929 2598 1067 2655 vetustis-

119 2684 213 2741 simus
229 2687 283 2742 est,
301 2698 369 2739 cum
385 2680 462 2757 apud
480 2678 708 2741 Tertullianum,
723 2687 862 2752 tanquam
879 2680 915 2737 ab
931 2678 1068 2736 cornibus

100 2791 103 2795 ·
119 2770 259 2838 receptus
275 2764 402 2837 legatur.
426 2760 567 2833 Quinimo
582 2761 747 2821 Concilium
772 2758 934 2820 Nicaeunm
959 2758 1030 2819 Can.
1048 2758 1068 2817 2

118 2845 361 2904 consuetudinem
394 2844 592 2918 quarumdam
626 2844 829 2903 Ecclesiarum
852 2842 1002 2901 abolevit.
1038 2842 1067 2899 iu

115 2928 243 3002 quibus.
268 2927 454 2994 Dominicis,
478 2934 509 2985 et
530 2921 664 2984 Pascbali
689 2934 822 3001 tempore
846 2940 948 2999 preces
981 2922 1067 2981 llexis
1145 2938 1147 2941 ·

120 3009 242 3084 genibus
265 3009 477 3068 recitabantur.
502 3007 674 3067 Dominieae
698 3024 787 3083 porro
810 3006 965 3071 officinm,
992 3004 1068 3064 rele-

119 3097 200 3153 rente
222 3086 384 3154 Cassiano,
415 3090 510 3148 tribus
533 3090 698 3149 intervallis
716 3097 809 3167 noctu
843 3089 1066 3165 peragebatur,

118 3175 231 3233 nemine
246 3174 365 3230 interim
389 3172 513 3229 aelroro
536 3171 717 3231 discedente.
742 3172 950 3243 Sanctusvero
973 3169 1067 3229 Dene-

119 3254 213 3315 diclus
232 3251 318 3328 jubet
335 3252 486 3312 Dominiea
505 3259 564 3312 tres
578 3252 748 3313 Nocturnas
764 3254 885 3311 recitari
908 3269 978 3312 cum
994 3251 1067 3310 duo-

119 3338 212 3398 decim
234 3335 437 3400 Lectionibus,
461 3335 618 3393 duodecim
641 3332 778 3399 Psalmis.
804 3336 901 3395 lribus
923 3332 1064 3401 CantioiS,

116 3419 156 3480 Te
170 3420 279 3485 Deum,
303 3427 334 3477 et
355 3415 529 3492 Evangelio.
552 3417 666 3477 Romae
690 3423 749 3478 tres
771 3415 917 3476 Nocturni
941 3416 1066 3476 recitan-

117 3509 171 3567 tur,
194 3506 225 3561 et
247 3518 361 3569 norem¹
376 3498 549 3567 Lectiones3
574 3500 689 3573 primus
711 3498 884 3559 Nocturnus
907 3499 1064 3559 duodecim
1145 3544 1147 3551 .

118 3581 247 3643 Psalmos
262 3583 371 3650 lrabet;
389 3582 426 3640 ad
442 3578 658 3641 Mouacborum
674 3582 844 3657 exemplum
861 3582 921 3642 duo
942 3582 989 3639 alii
1007 3578 1066 3637 No-
