2567 4042
626 201 688 264 ew
708 190 772 252 298
791 200 852 262 ξαι-

305 317 345 380 V.
368 319 559 396 Quamquam
589 321 742 396 legitimus
769 321 913 397 Baptismi
936 320 1074 390 ,minister
1100 322 1139 382 sit
1165 319 1211 384 Pa·

263 402 402 468 rochus,
425 403 474 461 vel
495 400 572 465 alius
597 399 744 462 Sacerdos
766 421 783 462 a
807 403 953 468 Parocho,
970 403 1018 462 vel
1039 404 1077 463 ab
1091 401 1210 462 Ordina-

263 483 310 543 rio
335 484 389 545 loci
411 484 594 560 delegatus;
618 485 741 546 deceret
777 492 878 546 tamen
906 486 1154 561 quammaxime,
1181 491 1210 544 ut

263 565 327 640 ipse
359 563 415 624 loci
440 565 619 627 Ordinarius
646 566 834 642 Baptismum
864 567 966 627 adulto
989 562 1208 628 Catoolrumeno

263 648 389 706 solemni
405 648 463 708 ritu
479 647 713 708 administraret.
731 647 824 708 Porro
838 649 901 710 sive
917 646 1072 708 Parochus
1086 651 1136 717 sit,
1153 651 1211 708 sire

262 727 340 788 alius
364 728 523 796 Sacerdos,
545 729 599 805 qui
620 731 721 791 adulto
743 731 929 807 Baptismurn
950 729 1211 799 administrator

265 813 453 887 praescripto
467 809 596 870 Ritualis
618 819 739 887 praeter
753 811 1009 888 Superpellioeum
1030 818 1062 872 et
1077 810 1209 882 Stolam,

263 893 361 952 induit
381 895 472 953 etiam
495 891 641 960 Pluviale,
665 893 707 953 ad
725 895 912 954 indicandam
935 892 1047 954 scilicet
1069 891 1210 970 majorem

224 1013 230 1022 ·
262 973 481 1034 solemnitatem
504 973 681 1051 huiusmodi
697 975 851 1052 Baptismi‚
869 977 908 1036 ob
924 992 1015 1050 quam
1031 976 1124 1034 etiam
1140 973 1211 1034 mul-

262 1060 310 1114 tos
336 1055 458 1118 adhibet
478 1054 611 1116 Clericus
636 1057 863 1134 superpelliceis
891 1056 1000 1133 pariter
1027 1057 1159 1116 indutos.
1182 1055 1210 1114 ln

262 1133 415 1211 Baptismo
438 1137 624 1205 adultorum,
653 1139 696 1198 nti
712 1139 854 1200 observat
874 1137 1088 1208 Baruffatdus,
1117 1138 1210 1202 divina

260 1219 358 1294 gratia
380 1219 568 1314 potissimum
590 1236 666 1295 opus
692 1227 737 1280 est
765 1221 801 1280 ad
825 1220 980 1281 excitanda
1006 1219 1129 1280 illorum
1151 1237 1210 1278 cor-

259 1299 310 1367 da,
326 1299 454 1376 ideoque
476 1303 574 1359 varias
594 1317 712 1376 proces,
730 1300 863 1362 Psalmos
892 1303 1104 1378 orationesque
1129 1318 1209 1377 prae·

261 1381 353 1442 mittit
373 1380 528 1442 Sacerdos
546 1382 719 1459 Antiphone
736 1382 899 1463 Effundam
921 1400 1010 1456 super
1031 1403 1081 1443 ooe
1104 1401 1208 1462 aquarn

259 1461 406 1539 mondum
422 1471 477 1522 etc.
499 1463 657 1541 desumpta
680 1469 725 1524 est
746 1483 783 1524 ex
798 1462 901 1542 Capite
916 1463 1058 1524 XXXVI
1076 1463 1212 1525 Ezechie-

262 1541 310 1613 lis,
333 1546 392 1605 et
385 1563 413 1604 ru
435 1549 538 1604 nostro
551 1541 663 1606 llrtualr
689 1552 769 1608 recto
791 1547 953 1640 descripta,
979 1545 1061 1606 locus
1086 1562 1209 1621 namque

260 1625 388 1697 ineest,
411 1626 448 1684 ad
469 1643 559 1702 quern
582 1627 687 1689 alludit
708 1627 901 1706 Apostolus
894 1645 922 1686 ιιι
943 1625 1083 1703 Epistola
1105 1631 1144 1688 ad
1158 1626 1209 1690 lle·

259 1705 387 1779 braeos‚
410 1705 483 1784 Cap.
508 1706 540 1767 X
565 1709 613 1768 his
635 1649 758 1770 verbisp:
781 1707 884 1770 loturi
905 1709 1004 1768 cordis
1024 1727 1109 1786 aquo
1131 1727 1210 1770 mon·

260 1785 323 1855 do:
345 1794 375 1848 et
389 1806 450 1865 qno
470 1790 584 1864 antiqui
600 1787 754 1850 Ecclesiae
776 1790 880 1852 Patres
901 1791 1011 1868 passim
1034 1789 1209 1855 utunturad

259 1869 487 1944 significandum
503 1872 693 1949 Baptismum
715 1891 732 1932 a
747 1871 897 1933 Christo
889 1891 918 1932 ιιι
934 1891 1012 1948 aqua
1031 1873 1207 1936 institutum.

259 1948 294 2017 ln
308 1951 450 2012 Oratione
466 1952 526 2019 Do,
550 1970 738 2032 poossumus,
755 1953 895 2026 Domana,
914 1952 1015 2014 Electa
1036 1964 1149 2024 nostro,
1166 1973 1210 2014 no·

258 2035 384 2094 tandum
398 2040 455 2096 est
472 2033 625 2095 verbum
617 2053 717 2112 ipsum
732 2033 833 2097 Electa
855 2035 989 2098 alludere
1005 2035 1040 2094 ad
1059 2038 1209 2113 antiquum

157 2156 161 2162 -
221 2117 225 2124 '
259 2116 332 2176 illud
355 2114 650 2178 Cateclrumeirorum
672 2134 776 2192 genus,
800 2117 976 2178 Electorum
998 2117 1128 2184 dictum,
1153 2119 1208 2193 qui,

260 2203 294 2256 ut
314 2199 452 2276 superius
474 2199 662 2268 notavimus,
688 2199 822 2258 absoluto
845 2198 1118 2261 catechumenatus
1142 2205 1208 2258 tene

259 2297 343 2356 pore,
369 2279 405 2339 ad
429 2279 632 2352 recipiendum
654 2297 757 2341 sacrae
779 2281 1014 2356 regenerationis
1035 2278 1207 2341 Sacramen-

259 2367 324 2421 tum
347 2378 456 2420 nomen
480 2360 634 2421 dederant.

301 2441 355 2502 Vl.
380 2442 470 2502 Facta
490 2444 649 2510 oratione,
678 2459 713 2502 ac
746 2443 879 2502 recitatis
911 2442 1035 2503 Psalmis
1063 2449 1096 2503 et
1117 2442 1207 2520 proei-

259 2523 316 2583 bus
335 2525 491 2598 tribusque
505 2521 723 2592 Orationibus,
747 2522 893 2586 Sacerdos
914 2539 984 2588 cnm
1006 2524 1071 2584 suis
1091 2523 1207 2585 Clerlcis

262 2606 400 2679 procedit
420 2605 456 2664 ad
478 2605 555 2680 sores
568 2603 726 2670 Ecclesiae,
751 2615 778 2664 et
799 2615 858 2666 slot
879 2608 914 2664 io
929 2605 1044 2666 limine.
1063 2606 1208 2682 Antiquos

260 2685 388 2764 itaque,
412 2685 614 2764 probatusque
641 2687 671 2744 in
694 2686 808 2748 Graeca
831 2691 863 2748 et
883 2687 988 2752 Latina
1009 2685 1145 2749 Ecclesia
1169 2691 1207 2748 est

256 2767 360 2838 ritus,
385 2776 421 2828 ut
443 2765 617 2830 Cateclresis
636 2767 706 2828 diat.
720 2769 895 2846 baptizando
916 2768 989 2828 ante
1008 2768 1089 2828 iores
1110 2769 1206 2829 Ecele

256 2849 320 2910 siae
342 2855 493 2910 manente.
508 2847 716 2924 Antiquissimi
732 2856 803 2910 suut
823 2852 852 2908 in
865 2850 1008 2926 Baptismi
1023 2850 1206 2916 administra·

257 2931 338 2992 tione
358 2932 539 3000 Exorcismi,
556 2929 797 3000 Exsutilationes,
818 2931 1049 2999 lnsuiilationes,
1073 2932 1126 3006 qui
1146 2929 1205 3006 qui·

257 3013 328 3074 dam
350 3017 456 3073 ornnes
477 3013 506 3071 in
527 3012 607 3072 idem
623 3013 781 3082 recidunt3
806 3031 842 3074 eo
864 3014 943 3074 enim
960 3014 1095 3079 tendunt,
1113 3017 1148 3072 ut
1161 3028 1205 3071 er·

257 3095 388 3170 pellatur
410 3092 560 3158 diabolus,
580 3099 611 3154 et
630 3095 817 3170 ingrediatur
838 3095 934 3154 virtus
946 3093 1076 3171 Spiritus
1097 3092 1201 3152 Sancti

257 3171 289 3233 S
313 3174 440 3254 Cyrillus
465 3173 631 3253 Episcopus
662 3174 955 3256 Hierosolymitanus
987 3177 1017 3234 in
1047 3193 1101 3243 sua
1126 3173 1203 3238 Cute·

256 3258 333 3329 odori
355 3255 555 3337 Myrtaqoqtco
578 3257 690 3318 diserte
712 3258 808 3326 docet,
833 3256 1048 3318 insufflationes
1069 3255 1202 3316 Sacerdo-

256 3340 320 3398 tum
347 3343 380 3398 et
403 3339 532 3401 nominis
547 3337 602 3397 Dei
624 3341 866 3408 invocationem,
880 3341 1035 3414 tamquam
1050 3337 1203 3398 vehemen-

257 3419 403 3478 tissimam
429 3420 579 3496 quandam
600 3417 775 3489 dammam„
800 3437 889 3482 urere
911 3421 1092 3489 daemones,
1117 3423 1200 3493 atque

255 3497 287 3558 in
308 3498 409 3576 lugam
430 3502 552 3562 eosdem
575 3508 763 3562 conuertere.
781 3500 887 3564 Crucis
909 3505 1026 3578 signum
1049 3503 1079 3563 in
1098 3499 1198 3560 ironia.

256 3586 287 3640 et
301 3581 329 3639 in
346 3589 468 3656 pectore
479 3583 697 3650 catechumeni
720 3584 889 3661 baptizandi
911 3583 992 3662 infigi
1013 3580 1198 3644 aSacerdote
