2567 4042
399 239 402 244 .
488 189 711 266 emansiss-

123 324 166 384 les
188 323 319 384 edicunt.
334 321 366 383 ld
383 341 455 384 vero
479 325 668 402 potissimum
691 329 807 383 constat
828 342 865 383 ex
880 313 986 382 Sancto
1001 321 1073 382 G're·
1172 307 1177 315 ⁶

118 405 206 482 gorio
224 405 241 478 ,l
268 403 343 465 haec
365 406 512 466 scribente
538 407 568 464 in
591 405 641 464 illa
664 405 757 465 verba
778 404 890 480 Capitis
911 405 925 464 l
949 404 1069 466 Contio.

109 485 233 548 'Bairos
251 487 347 567 Cypri
368 487 490 547 dilectus
512 505 593 547 meus
615 487 650 545 in
670 487 762 548 cineis
784 484 993 568 Enpoddi.1n
1014 484 1076 544 En-

119 567 224 648 podds',
250 570 355 645 inquil,
372 565 547 628 Bulsumnm
569 568 714 646 pipnitnr,
731 567 809 646 quod
831 586 898 627 com
920 565 1076 627 olcoPon-

121 650 446 729 dificaii'bcncdictionc
471 651 610 713 Clerisms
633 647 768 732 officitur,
791 649 870 728 qood
895 649 975 708 dono
998 649 1075 710 Sao-

123 735 164 792 cti
178 731 310 811 Spiritus
333 732 560 808 imprimuntur.
579 728 617 791 Et
632 731 661 788 iu
678 731 916 792 sacramentario
938 730 1073 808 ejusdem

120 811 245 884 Sancti,
268 815 302 874 in
326 814 427 876 Cocnn
448 814 571 874 Domini
598 813 732 888 legitur:
758 810 989 889 Praepocontnr
1013 832 1076 871 αιιι-

119 897 224 975 pullas
247 894 323 954 duaa
345 915 412 954 cum
437 896 514 964 olco,
542 912 674 972 quornm
694 896 800 954 mclior
821 895 954 971 desertor
975 892 1077 953 Ponti-

122 977 197 1057 fici,
226 987 262 1036 ut
288 985 406 1056 ucccplo
427 975 592 1043 Balsama,
620 986 648 1036 ct
670 976 877 1034 commiscitato
903 975 1075 1043 romaico,

123 1075 217 1117 monn
244 1077 298 1118 sno
322 1059 446 1137 impleat
472 1076 547 1116 com.
573 1057 617 1118 lta
643 1075 763 1133 quoque
789 1055 975 1116 Venerabilis
997 1055 1078 1118 Bada

124 1140 153 1199 in
177 1138 257 1198 idem
278 1138 408 1216 Caputl
434 1140 555 1202 Contic.
579 1134 615 1198 ad
640 1139 744 1198 eadem
769 1135 1078 1207 irreverentium

127 1220 244 1298 Cypri,
266 1229 322 1280 clo.
347 1219 385 1280 In
407 1222 517 1286 cineis,
541 1223 598 1286 aii,
623 1218 765 1297 Enpuddi
787 1218 963 1280 Balsamum
984 1219 1078 1298 pipmi-

125 1313 188 1369 tur,
214 1302 290 1379 qnod
312 1301 345 1360 in
369 1302 544 1364 Circismotis
565 1302 750 1378 confectione
772 1301 885 1378 liquori
905 1302 1000 1360 oiiooc
1016 1300 1078 1359 'ad-

123 1383 299 1452 missorius
311 1380 482 1462 Pontificuts'
498 1383 699 1443 bencdictione
715 1384 786 1442 solct
801 1385 979 1442 consecrari.
995 1380 1077 1441 idern
1131 1440 1134 1443 .

124 1465 233 1541 legilur
255 1464 335 1541 apud
359 1465 545 1534 Alcuinum,
577 1466 605 1522 in
627 1460 716 1522 Libro
742 1463 776 1523 dc
799 1465 919 1525 Dinins's
945 1461 1078 1543 Officiis3

124 1545 203 1620 apud
228 1546 424 1614 Amalariurm
450 1546 478 1604 in
500 1543 589 1606 Libro
613 1543 686 1604 [dc
708 1543 924 1606 Ecclesiasticis
950 1542 1076 1626 Officiis,

120 1625 198 1702 Cap.
215 1621 276 1688 xlt
299 1633 330 1688 et
349 1628 470 1686 landem
494 1627 558 1687 aliis
581 1628 709 1698 omissis,
734 1626 886 1704 Eugenius
905 1625 946 1686 IV
970 1625 1079 1703 in'De·

127 1717 212 1768 creto
236 1729 289 1785 pro
312 1708 512 1768 Instructione
535 1709 756 1777 Amisenorum,
781 1713 818 1770 de
845 1709 1079 1787 Confirmations

127 1792 266 1866 loquens,
293 1791 405 1866 inquii:
433 1789 529 1871 Cujus
544 1791 674 1866 mutacio
695 1802 735 1850 cst
755 1791 895 1851 Cirrismu
918 1791 1079 1867 consectum

125 1889 167 1930 cn·
193 1873 274 1940 olco,
299 1869 380 1950 quinci·
397 1873 525 1931 nitorem
549 1871 698 1950 sionificat
720 1873 937 1935 conscientiae,
964 1881 991 1930 ιι
1013 1869 1081 1930 Boi·

124 1971 217 2023 somo‚
245 1953 325 2032 qnod
350 1952 469 2012 odoram
490 1952 657 2031 sipnificnt,
683 1954 775 2011 bonos
796 1953 908 2030 sumac.
932 1949 987 2010 His
1008 1969 1080 2029 ergo

125 2037 307 2111 praelibatis,
325 2035 486 2094 videndum
511 2035 598 2092 modo
619 2038 675 2103 est,
699 2052 759 2109 qun
781 2045 917 2110 ternpore
940 2034 988 2092 bic
1010 2049 1081 2093 usus

125 2117 307 2177 admiscendi
332 2115 496 2179 balsamum
520 2132 591 2173 cum
607 2116 673 2174 oleo
695 2133 750 2190 pro
773 2127 858 2175 sacra
880 2115 1032 2181 unctione,
1050 2117 1086 2173 in·
1185 2181 1188 2185 ¹

124 2195 364 2266 Cnnlirmationis
380 2193 573 2257 Sacramenlo
597 2195 776 2274 peragenda,
802 2199 831 2256 in
855 2192 988 2256 Ecclesia
1010 2214 1079 2258 coe·

127 2281 214 2356 peril.
240 2277 278 2340 tlt
307 2279 428 2355 quidem
457 2282 525 2338 anie
555 2284 675 2338 sexium
704 2280 884 2342 saeculum,
915 2295 970 2338 nec
999 2280 1079 2354 apud

125 2359 317 2439 Orientales,
343 2377 396 2420 nec
419 2359 496 2438 apud
519 2357 728 2420 Occidentales
749 2361 777 2419 in
800 2379 857 2421 usu
880 2359 972 2420 luisse
997 2361 1079 2420 ride·

127 2447 187 2502 tur.
206 2443 293 2519 Apud
317 2441 484 2520 Scriptores
506 2442 586 2506 enim
603 2441 734 2502 Graecos
756 2448 823 2502 ante
847 2440 888 2501 tv
905 2441 1077 2508 Saeculum,

50 2595 54 2601 Ι
125 2524 178 2600 qui
200 2522 447 2583 Confirmatoriae
469 2520 623 2584 Unctionis
652 2524 854 2583 meminerunt
886 2524 923 2582 ds
947 2522 1079 2600 praelata

95 2631 97 2634 ·
117 2605 255 2670 ‚Balsami
271 2605 452 2666 admixtione
475 2603 544 2664 curn
562 2604 627 2664 oleo
650 2606 744 2664 altum
761 2604 915 2665 silentium
931 2611 987 2664 esl.
1001 2605 1079 2665 Ante

125 2703 245 2764 quoque
268 2693 384 2747 saalum
402 2685 568 2760 Saeculum·
579 2687 679 2747 nullus
700 2685 777 2746 inter
792 2685 913 2746 Latinos
927 2688 1084 2747 invenitur

110 2763 271 2845 'Scriptom
288 2769 338 2844 qui
361 2769 397 2828 de
420 2768 477 2827 hac
499 2767 684 2826 admixtione
706 2768 865 2843 loquatur:
890 2785 943 2827 nec
959 2767 1080 2833 'l'ertul-
1121 2828 1127 2834 ,

128 2849 224 2909 lianus
246 2849 337 2914 eninr,
362 2867 415 2909 ncc
438 2849 626 2926 Cyprianus,
653 2867 708 2909 nec
731 2846 921 2915 innocentius
943 2842 1024 2926 Papa
1047 2849 1076 2915 l,

128 2948 182 2992 nec
205 2929 411 3006 Augustinus,
435 2946 618 3006 quamquam
641 2947 746 2989 omnes
768 2931 804 2990 de
827 2929 997 2991 Cbrismale
1019 2931 1080 2990 tre-

118 3017 253 3089 ¹quanter
269 3012 357 3072 loculi
374 3018 454 3079 sunt,
472 3009 641 3088 praedictae
664 3011 856 3072 admixtionis
872 3029 1000 3088 unquam
1017 3030 1080 3072 me·

54 3113 58 3120 ·
128 3094 287 3154 minerunt.
312 3091 395 3152 Unde
423 3094 504 3152 illam
532 3091 610 3152 inter
633 3092 752 3153 Latinos
774 3093 853 3161 circa
874 3100 993 3154 sexium
1016 3100 1081 3154 tan·

128 3179 192 3244 ium
215 3175 368 3233 saeculum
392 3178 566 3251 usurpatam
591 3175 708 3243 luisse,
734 3176 887 3236 latendum
909 3181 965 3236 est.
979 3176 1078 3248 Quan-

128 3260 191 3317 trrm
209 3253 322 3316 adtinet
344 3257 519 3332 praesertim
543 3253 578 3314 ad
595 3257 839 3316 commixtionem
855 3257 986 3318 balsami
1008 3275 1078 3326 cum

127 3333 202 3417 Olco
224 3335 253 3392 in
275 3336 366 3396 Sacro
388 3335 555 3399 Cirrismale
578 3335 783 3408 conficiendo,
807 3356 845 3398 en
867 3337 966 3398 Sacris
986 3338 1078 3399 lille·

129 3417 169 3478 ris
184 3417 291 3488 Sancta
307 3417 404 3478 lldater
416 3415 551 3478 Ecclesia
567 3418 744 3495 desumpsit,
763 3425 796 3481 ui
810 3437 912 3480 sacrae
928 3418 1079 3482 Unctionis

121 3499 160 3576 ⁴iun
174 3495 412 3581 Confirmationis
427 3499 909 3578 Sacramenta,mysteriamagts
930 3504 1079 3579 exprime·
1126 3522 1129 3527 ·

132 3583 233 3641 renlur
246 3601 255 3652 ;
280 3583 455 3658 praesertim
479 3589 600 3660 propter
621 3581 749 3644 balsami
772 3583 977 3662 fragrantiam,
1002 3601 1079 3660 qnae

267 3677 325 3731 l'ol.
344 3679 366 3730 l.
910 3681 944 3732 no
992 3719 996 3731 ,
