2567 4042
466 208 690 279 wssdfflr

100 332 208 391 dotem
230 338 392 411 expectat,
416 336 468 412 qui
489 354 556 398 eam
580 338 735 416 suscipiat.
759 336 888 399 Candela
910 354 988 413 quae
1010 338 1059 396 de-

102 411 204 473 fertur
223 433 345 478 accensa
369 436 387 476 a
408 435 582 496 puerpera,
613 421 709 479 innuit
730 419 969 480 benedictionem
1000 436 1059 480 nou

99 497 216 555 mereri
246 498 301 557 nisi
332 500 385 575 qui
419 502 505 562 timet
526 502 717 568 Dominum,
752 508 782 562 et
810 502 957 562 mandatis
990 500 1057 578 ejus

101 574 326 655 obtemperans,
344 582 419 642 lucis
433 582 574 660 exempla
588 589 814 655 commonstrat,
832 584 909 644 unde
933 584 962 640 iu
977 580 1056 643 Psal-

104 674 159 716 mo
182 658 240 719 117
262 660 406 723 habetur:
424 663 499 724 It'ece
521 665 708 727 benedicetur
722 668 807 726 lromc
830 668 883 742 qce'
904 663 1058 727 timetDo-

100 740 240 808 mensur
261 753 288 803 et
309 742 409 805 videar
429 746 504 827 filios
525 746 656 826 filiorem
679 757 812 809 tuorum.
835 746 892 808 Vel
914 747 1005 808 etiam
1028 745 1059 804 iu

99 824 284 883 memoriam
306 828 779 890 etreverentiam'Beatissimae
800 826 958 906 Virginis,
980 844 1058 904 quae

91 914 175 963 mam
197 908 389 981 processione
402 908 602 971 candelarum
631 915 662 971 et
683 929 753 971 cum
777 909 941 971 luminibus
955 924 1059 970 accen-

95 985 147 1044 ·sis
168 987 206 1047 ab
220 988 355 1049 Ecclesia
370 991 489 1053 colitur.
509 988 665 1054 Porreetio
679 990 778 1052 Stolae
801 992 838 1051 ad
854 1008 978 1051 manum
993 1007 1057 1049 mu·

102 1066 188 1127 lieris
209 1066 302 1129 lit-ad
319 1072 475 1133 tutandam
490 1073 656 1135 foeminam
678 1072 899 1151 ingredientem
922 1073 959 1132 ab
975 1072 1057 1131 omni

100 1147 253 1209 diabolico
274 1151 416 1235 incursu,
440 1161 472 1216 et
493 1154 530 1213 ad
551 1154 718 1216 taciendam
742 1155 783 1215 illi
807 1162 924 1233 partem
947 1154 992 1213 rei
1012 1168 1060 1211 sa-

102 1232 236 1291 crae-de
257 1250 317 1308 qua
339 1237 448 1313 agitur.
474 1236 579 1297 Altare
610 1242 680 1297 ante
712 1236 791 1313 quod
819 1237 926 1297 sistere
954 1234 1061 1293 debeat

102 1310 222 1378 mulier,
239 1316 421 1391 'regulariter
442 1335 508 1377 esse
531 1323 628 1395 potest
650 1318 723 1378 illud
755 1319 784 1376 in
806 1335 866 1393 quo
888 1318 1061 1376 asservatur

101 1392 294 1456 sanctissima
308 1395 510 1462 Eucharistia.
528 1398 633 1460 Oratio
649 1398 786 1459 iacienda
809 1416 826 1457 a
841 1399 969 1461 muliere
985 1412 1060 1473 per-

99 1475 219 1536 durare
239 1477 330 1539 debet
350 1480 387 1539 ad
410 1481 457 1542 sui
480 1480 598 1541 libitum
619 1525 627 1551 ,
652 1498 706 1541 nec
728 1498 803 1557 opus
825 1484 871 1540 est
902 1484 936 1540 ut
956 1476 1062 1537 Sacer-

103 1558 159 1617 dos
190 1565 329 1634 expectet
360 1560 452 1623 linem
474 1563 555 1623 illius
573 1582 585 1621 τ
604 1563 657 1623 sed
681 1563 846 1639 procedere
879 1560 1061 1620 debetcum

103 1640 300 1719 praescriptis
332 1644 496 1718 precihas3
523 1644 774 1720 quibus‘linitls,
797 1661 864 1703 eam
896 1642 933 1703 ad
956 1640 1061 1703 Altarc

101 1726 241 1781 orantem
265 1724 435 1803 relinquere
458 1731 568 1803 potest.
592 1726 677 1787 Nova
700 1726 833 1803 aspersio
867 1722 978 1801 supro
1001 1728 1064 1783 ter-

103 1803 268 1863 minatione
290 1813 387 1874 actua,
404 1825 464 1884 qua
486 1808 575 1886 plene
596 1807 758 1886 purificata
781 1811 937 1868 remaneat
951 1804 1062 1865 mulier

104 1885 135 1944 in
158 1885 258 1945 anima
281 1904 347 1949 sua.
379 1888 558 1949 Adhibitum
579 1890 674 1951 luisse
707 1906 816 1967 panem
839 1888 1056 1952 benedictum,

100 1976 236 2042 eumque
269 1969 391 2030 mulieri
422 1969 844 2036 comedendumtraditum,
880 1968 1061 2030 addiscimus

104 2064 163 2108 non
186 2050 276 2112 modo
297 2069 335 2111 ex
350 2052 521 2113 Ritualibus
541 2049 749 2113 Catalaunensi
772 2052 803 2110 et
824 2050 1034 2111 lemovicensi
1052 2091 1059 2116 ,

102 2130 157 2190 sed
178 2147 218 2190 ex
240 2130 421 2194 Provinciali
442 2131 576 2193 Concilio
597 2132 643 2193 lll
664 2130 898 2200 Mediolanensi,
916 2131 990 2207 Cap.
1016 2130 1060 2187 iu-

101 2212 236 2289 scripto:
257 2211 343 2287 Qace
365 2215 406 2276 ed
431 2212 683 2289 Secromemelic,
707 2222 734 2272 et
758 2210 953 2273 Sacramenta
975 2228 1063 2289 pene-

102 2295 200 2354 rcte'm
222 2299 389 2371 pertinent.
423 2295 623 2357 consuevisse
646 2296 769 2357 Missam
792 2295 850 2355 dici
884 2296 913 2354 in
941 2292 1064 2353 benedi·

102 2376 205 2435 ctione
236 2376 439 2456 hujusmodi,
463 2378 571 2438 docent
594 2396 647 2437 nos
680 2377 801 2452 antiqua
823 2375 954 2437 Ritualia
974 2372 1064 2434 Cata-

99 2457 253 2518 ·laaroense
275 2467 306 2519 et
327 2458 560 2528 Lemovicense‚
585 2458 718 2534 itemque
740 2456 930 2519 Sacerdolale
952 2455 1065 2539 Roma·
1141 2492 1144 2497 ·

107 2555 194 2598 num.
217 2536 302 2601 llaec
325 2540 494 2601 benedictio
516 2542 679 2617 praecipue
701 2541 855 2602 ordinatur
877 2541 914 2600 ad
933 2536 1063 2615 agendas

105 2618 173 2679 Deo
195 2622 308 2698 gratias
329 2623 367 2681 ob
389 2622 505 2700 prolem
528 2621 558 2681 in
581 2622 681 2681 lucem
703 2620 825 2683 editam.
848 2620 896 2681 Fit
919 2618 1061 2682 solemnis

105 2701 259 2781 ingressus
280 2704 310 2764 in
332 2703 493 2781 Templum
515 2702 745 2781 quadragesimo
768 2702 826 2765 die.
847 2709 913 2779 post
938 2708 1062 2780 partum

102 2783 143 2843 ad
165 2782 387 2856 insinuandum,
412 2784 492 2862 qued
513 2784 554 2843 illi
576 2784 629 2860 qui
645 2800 719 2863 pure
741 2784 957 2861 ingressisunt
972 2780 1063 2843 Tem·

106 2864 192 2942 plum
214 2884 335 2929 sacrum
358 2869 387 2965 in
409 2867 466 2928 hac
480 2867 554 2934 vita,
572 2865 780 2943 ingredientur
795 2868 861 2941 post
878 2863 954 2924 hacc
970 2865 1064 2924 vitam
1108 2866 1112 2873 '

104 2947 263 3023 templum·
275 2950 401 3026 gloriae.
427 2947 474 3008 Ad
494 2944 697 3024 quodetiam
718 2946 823 3007 alludit
845 2945 1061 3011 caeremonia,

107 3043 168 3104 qua
189 3030 387 3094 introducitur
409 3029 519 3089 mulier
540 3029 571 3088 in
593 3025 773 3097 Ecclesiam,
797 3032 936 3104 porrecta
957 3025 1063 3086 videli-

105 3117 159 3171 cet
178 3112 207 3171 ei
226 3110 309 3173 Stola
329 3111 518 3178 Sacerdotis,
542 3127 634 3186 quam
663 3124 755 3169 manu
778 3106 975 3186 apprehendit
993 3126 1001 3176 3
1023 3109 1065 3167 si-

104 3193 233 3268 quidem
247 3194 330 3255 Stola
352 3188 500 3274 significat
512 3191 622 3269 jugum
636 3188 725 3269 Legis
741 3189 953 3269 lle-angelicam
970 3204 1063 3265 quam

103 3275 160 3351 qui
183 3292 274 3336 manu
295 3275 520 3355 apprehendit,
544 3273 687 3335 videlicet
707 3288 762 3349 per
790 3288 882 3349 opera
909 3278 939 3333 et
961 3272 1065 3331 obser-

107 3356 392 3496 rgntiamejusdem
415 3358 501 3436 legis,
524 3356 631 3433 dignus
652 3352 790 3417 ellrcitur
818 3356 954 3433 ingressu
976 3350 1065 3415 Tem-

108 3439 150 3513 pt
172 3439 340 3513 coelestis„
492 3450 495 3459 '
1011 3444 1014 3450 '
