2567 4042
483 221 544 285 vere>
568 216 626 275 117
651 222 712 283 tm·
981 301 985 309 ῃ

116 343 229 419 passim
252 342 342 419 prisci
368 342 478 404 'Patres
506 352 541 403 ao
563 342 676 422 Synodi
697 340 891 420 Ilitualesqu'e
919 312 1067 417 Codices,

116 441 256 499 quorum,
268 423 334 484 loca
348 424 399 485 bic
414 443 571 487 recensere
587 426 709 505 longum
725 435 814 495 esset,
834 424 901 487 Scio
929 427 1069 505 equidem
1155 464 1157 469 -

116 505 317 577 veliementer
345 506 457 568 ollendi
480 509 765 572 haereticos.verbo
786 511 841 569 isto
863 508 1017 581 Emorcizo
1039 510 1069 571 in

115 585 381 649 Benedictionibns
401 588 477 651 Salis
497 597 528 652 et
548 588 654 667 Aquae
677 593 784 669 posit03
802 590 1068 652 absurdumenim
1109 620 1111 625 ·

115 669 213 730 videri
235 670 346 749 ajunt,
370 670 396 729 si
419 678 557 734 creatura
580 674 702 737 rationis
724 690 832 751 expers
855 674 1064 743 exorcizetur,

115 767 175 811 seu
193 752 378 831 adjuretur,
413 773 484 815 cum
512 752 724 817 Exorcismnm
758 774 811 815 seu
837 752 1065 833 adjurationem
1152 812 1154 818 s
1194 768 1199 789 ¹

113 850 170 893 nec
193 836 302 913 sentiat
322 852 378 895 nec
401 837 559 913 intelligat.
582 835 698 897 Verum
720 836 827 898 docent
849 832 1013 917 Theologi,
1035 842 1067 897 et

115 916 194 995 inter
217 917 292 977 alios
325 917 504 993 praesertim
527 917 637 979 Suarez
659 918 745 979 Tum.
771 918 801 981 ll
821 916 866 978 De
889 914 1064 999 Retipiooe,
1106 950 1112 979 ι

113 992 248 1059 Libit
262 998 307 1058 De
322 996 534 1080 Adjrtrctiooe,
558 998 661 1077 Capite
685 1001 714 1061 ll
729 1020 813 1061 num.
834 998 882 1072 lt,
900 1000 1066 1079 adjuratio-

104 1096 185 1141 nem
208 1098 262 1159 per
284 1081 447 1159 imperium
469 1083 560 1143 etiam
582 1082 696 1143 directe
719 1084 969 1152 circaereaturas
990 1084 1064 1143 irra-

113 1162 241 1225 tionales
271 1163 387 1225 versari
418 1182 505 1241 posse
525 1164 626 1240 quoad
649 1164 812 1226 efficaciam
840 1170 871 1225 et
891 1164 1034 1228 ellectum
1053 1185 1062 1235 3

113 1262 189 1303 nonv
204 1244 284 1321 quod
306 1246 421 1305 morale
449 1246 524 1306 illud
546 1246 707 1324 imperium
736 1248 924 1324 percipiant,
948 1254 1000 1309 aut
1027 1244 1065 1306 ad

113 1324 183 1403 ejus
204 1326 431 1405 intelligentiam
453 1345 518 1388 sese
534 1333 685 1401 moveant,
703 1330 751 1390 uel
773 1332 891 1389 amotu
907 1326 1062 1400 desistant3

113 1406 167 1467 sed
188 1410 259 1485 quia
282 1408 414 1471 efficacia
446 1417 478 1471 et
508 1410 631 1472 effectus
663 1410 852 1491 imperiiflita
873 1407 930 1469 illis
961 1409 1065 1473 allec

113 1490 325 1567 imprimitur,
349 1494 435 1568 quasi
458 1493 618 1570 imperium
641 1496 742 1571 ipsum
764 1492 990 1553 intellexissent.
1014 1489 1063 1551 Sic

97 1570 261 1632 Matthaei
287 1571 391 1652 Capite
421 1579 527 1634 octavo
558 1574 717 1653 imperavit
739 1574 877 1636 Salvator
908 1572 1014 1634 ventis
1035 1580 1066 1634 et

113 1655 208 1737 mari,
223 1658 254 1714 et
275 1661 403 1731 sequuta
422 1662 469 1717 est
489 1654 660 1719 obedientia
681 1675 738 1717 non
754 1656 887 1726 moralis,
905 1654 956 1717 sed
979 1655 1065 1732 quasi

107 1736 254 1814 physica,
278 1734 325 1796 Ita
345 1740 428 1799 enim
447 1738 529 1806 uenti
558 1743 591 1799 et
612 1758 696 1800 mare
718 1738 848 1801 Christe
862 1756 977 1799 morem
1000 1754 1065 1817 ges-

59 1875 62 1877 ,
92 1822 231 1889 serunt,
253 1820 337 1895 quasi
358 1821 481 1886 auribus
502 1821 594 1881 verba
610 1822 785 1899 imperantis
807 1820 1000 1881 audivissent.
1018 1817 1065 1879 Ad

114 1900 425 1980 cujus'imitationem
447 1902 556 1969 ventis,
580 1906 611 1961 et
632 1902 879 1981 tempestatibuS,
901 1908 932 1963 et
942 1900 1066 1962 [anima-

113 1980 194 2047 libus
216 1984 402 2059 perniciosis,
419 1984 620 2062 serpentibus,
636 1984 770 2057 locustis,
788 1983 911 2061 aliisque
928 1983 957 2044 id
973 2000 1066 2061 genus

112 2064 302 2141 imperarunt
326 2085 391 2128 ¹nou
415 2083 484 2127 raro
506 2066 563 2124 viri
585 2064 685 2126 Sancti
720 2065 757 2125 ad
778 2066 871 2141 eeq'ue
903 2065 1066 2144 imperium

95 2147 266 2228 pervenit,
290 2164 346 2207 non
367 2148 466 2225 quoad
489 2147 742 2227 intelligentiam,
767 2148 817 2209 sed
831 2148 937 2225 *quoad
959 2150 1021 2215 vim
1036 2153 1068 2207 et

56 2294 60 2301 ,
114 2226 335 2301 efficacitatem,
359 2228 487 2307 Insuper
511 2229 588 2290 Salis
609 2232 672 2307 ipse
694 2230 912 2299 Exoreismus,
935 2230 1013 2301 sicut
1033 2234 1065 2289 et

113 2308 233 2381 Oratio,
258 2308 438 2371 immensum
464 2310 661 2373 Clementiam
682 2320 766 2371 tecm
789 2316 847 2371 ete.
870 2310 980 2389 legitur
1002 2308 1067 2388 qui·

114 2391 185 2455 dem
208 2390 236 2450 in
260 2393 480 2453 recentioribus
501 2391 673 2455 Ritualibus
694 2394 804 2471 passim
834 2399 865 2455 et
886 2393 1067 2469 inantiquis

115 2472 381 2536 Sacramentomm
402 2474 526 2542 Libris,
550 2492 624 2550 quos
646 2482 782 2537 recenset
802 2474 939 2537 Martcne
966 2473 1067 2535 etalii

113 2554 411 2618 rerumRitualium
433 2555 612 2634 Scriptores.
637 2556 712 2618 Salis
735 2562 765 2617 et
786 2574 881 2633 aquae
903 2557 1066 2617 immixtio-
1128 2554 1130 2557 ’

113 2638 173 2703 nis,
191 2644 314 2715 peracta
335 2638 551 2709 benedictione,
572 2637 635 2717 jam
659 2644 727 2700 ante
742 2637 918 2699 Ducendum
940 2638 1067 2699 mentio·

114 2736 185 2779 nem
219 2716 291 2781 iecit
321 2718 462 2780 Rabauus
493 2718 587 2780 Libro
617 2720 820 2782 iustitutionis
853 2718 1066 2789 Clericorum,

114 2798 188 2879 Cap.
214 2797 258 2861 lv
283 2800 373 2878 idque
401 2799 467 2861 fieri
490 2801 532 2862 ait
562 2822 600 2863 ex
622 2803 722 2863 divina
752 2803 947 2864 institutione.
982 2798 1068 2876 Quod
1189 2786 1192 2791 ⁸

115 2892 218 2942 cutem
249 2884 294 2943 sel
321 2882 538 2963 reedificatum
559 2903 656 2969 cquae
676 2884 880 2953 immiscetur,
904 2902 942 2944 em
964 2882 1069 2945 diuino

117 2963 302 3025 auctoritate
319 2966 475 3046 processit,
501 2964 671 3044 quiaillud
688 2984 745 3044 per
763 2962 988 3027 Helisaeumie
1004 2964 1070 3041 soit·

116 3056 176 3105 tem
198 3046 281 3106 mitti
297 3048 399 3127 jessit,
422 3056 457 3107 ut
478 3057 639 3108 moeretur
660 3048 802 3109 sterilitas
824 3064 978 3125 equarum,
992 3042 1070 3105 tert-

47 3134 49 3139 '
115 3126 196 3188 cbo:
218 3127 311 3189 Addit
336 3146 429 3189 mox:
453 3125 634 3209 Numaque
656 3150 674 3189 a
694 3128 829 3191 sordibus
849 3124 976 3189 mundet
992 3170 1010 3206 ,Ἰ
1023 3126 1069 3187 sat

111 3208 319 3289 putredinem,
331 3210 442 3290 fuqet.;
463 3228 543 3291 aquo
566 3211 696 3271 nitorem
712 3210 854 3293 praebet,
883 3210 927 3271 sot
946 3206 1070 3283 sinceri*
1181 3248 1184 3253 ·

116 3300 210 3352 tatem
231 3289 362 3353 actitat·
385 3287 490 3353 Restat
511 3296 547 3351 ut
567 3292 714 3369 quaedam
746 3296 884 3353 notemus
915 3290 951 3351 de
974 3308 1069 3369 aquae

118 3372 296 3434 benedictae
316 3373 428 3434 virtute
458 3379 489 3435 et
509 3374 680 3435 affectibus.
705 3372 792 3451 Aque
813 3372 968 3457 benedicta
983 3374 1070 3453 iuga·

119 3461 165 3516 tos
187 3454 362 3525 daemones,
380 3454 502 3529 morbos
523 3456 673 3533 depulsos,
690 3474 725 3516 ac
748 3456 839 3516 etiam
860 3462 995 3517 mortuos
1017 3472 1069 3515 ex·

122 3538 242 3609 citatos,
260 3535 396 3614 pluribus
417 3554 455 3597 ex
476 3534 687 3611 Ecclesiastica
702 3534 836 3600 Historia
858 3537 978 3599 ettitis
1000 3534 1070 3597 Sen-

121 3623 240 3681 ctorum
273 3618 371 3679 allatis
393 3616 537 3696 exemplis
568 3618 696 3681 ostendit
728 3621 805 3681 inter
825 3618 901 3679 alios
932 3616 1069 3679 eruditus
1156 3630 1159 3637 ’
