2567 4042
604 172 810 245 ‘miss-

221 301 421 385 symbolioam
443 303 595 380 posterius
614 306 799 367 accessisse:
824 308 985 384 propterea
1000 314 1076 381 opus
1091 307 1181 362 suum

220 386 280 448 linc
312 386 466 464 insignivit
496 386 606 452 titulo:
629 384 805 466 Explicatis
833 383 1136 469 simpleu,·literalis
1154 390 1183 442 el

220 469 363 531 Materiae
387 467 657 531 coeremoniarum
677 468 840 531 Ecclesiae.
863 468 1018 530 Adversus
1039 461 1181 527 vanarn

221 545 352 611 ioannes
372 547 525 626 Iosephus
551 548 721 629 Episcopus
747 551 967 613 suessionensis
980 547 1181 627 ¹opusculum
1268 584 1269 597 2

220 633 357 710 scripsit:
381 630 417 692 de
437 650 505 691 nere
519 629 669 693 Ecclesiae
690 650 779 693 sense
799 634 883 693 cirea
897 629 1182 694 caesorumcaes-
1268 644 1269 678 i

201 716 393 775 munierum
412 732 521 782 osum,
544 714 574 772 in
596 732 657 791 quo
685 715 742 775 sibi
772 713 1041 776 demonstrandum
1062 724 1181 788 *propo-
1268 727 1269 743 ,

219 799 300 871 suit,
323 794 459 856 Ecclesia
507 793 578 857 lesu
593 794 706 856 Christi
717 798 804 856 omni
819 802 955 873 tempore
971 794 1001 854 id
1016 792 1181 854 intendisse
1268 809 1269 843 ὲ

220 880 252 938 in
272 896 397 941 suarum
419 877 478 936 inst
524 878 606 939 tione
626 876 917 949 Caeremuniauum,
942 881 978 939 ut
991 880 1023 935 et
1037 875 1181 953 religiose
1262 868 1269 931 i

221 962 403 1021 inservirent
415 959 521 1028 cultui,
539 966 571 1021 et
585 959 793 1039 symbolorum
808 961 956 1020 rationem
981 956 1180 1019 involverent:
1261 973 1269 1011 a

221 1042 301 1119 quod
322 1044 348 1102 si
369 1042 449 1100 inter
470 1057 522 1100 eas
542 1042 662 1117 aliquae
684 1044 897 1118 reperi-antur,
914 1053 994 1117 quae
1009 1039 1182 1099 necessitati
1261 1036 1269 1083 'o

221 1122 322 1185 solum·
339 1140 376 1183 ae
398 1123 553 1183 decentiae
579 1124 724 1201 originem
754 1139 841 1186 snam
869 1122 1016 1190 debeant3
1041 1121 1115 1181 alias
1132 1125 1183 1180 -ta-
1261 1120 1269 1135 '¹

221 1224 291 1267 men
313 1203 441 1275 eodem,
458 1206 553 1269 immo
568 1204 684 1284 majore
704 1205 832 1281 reperiri
848 1220 996 1272 numero,
1013 1220 1092 1279 quae
1120 1220 1182 1283 ucri
1265 1222 1266 1255 ff

221 1286 310 1349 eiiam
332 1286 527 1347 iustitutionis
547 1304 620 1347 suae
642 1286 926 1357 habent-caussam,
944 1302 1035 1363 quam
1058 1292 1182 1347 sensmu
1265 1302 1269 1341 i

220 1370 405 1449 mysticum,
428 1369 625 1445 allegoricum
647 1374 678 1429 ei
698 1367 909 1449 symbolicum.
1039 1444 1040 1447 Ἴ
1261 1386 1269 1443 j

225 1494 228 1499 -
261 1451 302 1512 ll.
326 1450 446 1512 Revera
468 1452 499 1510 in
512 1452 607 1510 sacris
622 1450 741 1511 Ritiims
757 1451 914 1528 mysticam
924 1446 1182 1525 ‘significationem
1261 1466 1269 1507 d

222 1546 287 1595 esse
309 1531 543 1599 attendendam,
567 1538 684 1594 constat
705 1548 743 1592 ex
765 1546 827 1608 que
847 1532 930 1592 Deus
958 1530 1083 1607 inspirat
1102 1546 1182 1607 que·
1268 1553 1269 1589 i

221 1616 312 1675 modo
334 1614 477 1675 colendus
497 1616 537 1675 sit
557 1632 616 1673 non
639 1615 739 1674 solum
761 1614 800 1673 cb
822 1614 867 1673 sni
896 1613 1047 1691 gloriam,
1071 1624 1183 1689 vorum

223 1698 314 1758 etiam
336 1696 375 1756 ob
397 1702 530 1758 nostram
558 1696 722 1755 maximam
755 1693 939 1755 utilitatemt
963 1694 1093 1771 ideoque
1121 1710 1184 1763 non

222 1779 286 1841 siue
307 1778 443 1839 cesuline
480 1779 524 1839 rei
546 1776 763 1855 significatione
795 1778 953 1854 inspiravit
974 1776 1069 1850 Abali
1094 1781 1129 1836 ut
1151 1777 1184 1837 ei

222 1861 350 1923 offerret
363 1861 563 1937 primogenita
576 1861 677 1937 gregis
698 1858 872 1933 horumque
886 1857 989 1937 adipes
1007 1876 1015 1927 ς
1031 1863 1065 1918 ut
1077 1856 1183 1930 Quae·
1268 1864 1269 1919 i

222 1945 318 2006 suone
341 1942 430 2003 tertia
451 1941 488 2000 ad
510 1934 860 2019 Deograiias,'epistola
876 1939 927 2013 ie,
944 1940 1033 2001 docet
1053 1938 1185 1999 Sanctus
1265 1963 1269 2002 i

222 2024 433 2103 Augustinus,
456 2023 536 2099 quod
560 2024 669 2101 repetit
699 2023 737 2083 de
759 2023 903 2083 omnihus
920 2022 992 2083 ‘aliis
1010 2019 1185 2081 ¹olila'tionit
1265 2028 1269 2083 i

213 2102 304 2176 isus,
335 2105 472 2167 scribens
498 2104 645 2165 adversus
680 2100 825 2167 Faustum
861 2104 953 2165 Libro
975 2099 1018 2163 Vl
1040 2101 1113 2179 Gap.
1137 2100 1182 2162 V.
1265 2116 1269 2165 i

222 2184 257 2247 ln
280 2184 434 2250 Sacrificio
454 2188 547 2247 etiam
563 2184 719 2247 Abraham
733 2227 740 2256 ,
764 2186 802 2246 de
824 2202 884 2261 quo
899 2186 975 2248 Gen.
992 2184 1090 2261 Caput
1104 2182 1182 2245 XV.
1268 2193 1269 2245 i

223 2266 318 2347 liquet
345 2271 445 2331 Deum
471 2270 700 2345 praescripsisse
736 2268 929 2328 victimarum
958 2266 1183 2334 conditionem,
1268 2318 1269 2327 ,

224 2368 337 2430 easque
358 2350 534 2411 immolandi
555 2350 671 2419 ritum,
694 2349 803 2428 jubens
837 2355 871 2409 ut
901 2353 1038 2409 sumeret
1055 2361 1185 2407 naccum

223 2436 391 2503 triennem,
417 2447 541 2510 ceptum
564 2433 711 2499 trimum,
729 2438 881 2490 tortorem
897 2439 988 2511 etque
1003 2430 1183 2497 columbam,

169 2578 172 2583 ,
224 2521 259 2575 et
274 2518 423 2576 ⁴universa
439 2514 521 2588 liaeo
543 2513 753 2593 permedium
776 2512 924 2573 divideret
945 2508 1107 2590 partesque
1122 2516 1185 2571 sia·
1268 2560 1269 2563 ,

167 2627 170 2634 ·
224 2600 327 2659 tuerat
348 2597 548 2666 altrinsecus3
572 2595 654 2671 quod
676 2594 767 2653 diuini
783 2593 914 2655 foederis
928 2612 995 2655 esse
1010 2591 1183 2671 symbolum
1268 2604 1269 2633 ³

224 2684 341 2743 count
362 2693 400 2739 ex
422 2678 574 2738 ieremias
589 2675 694 2752 Capite
709 2668 852 2735 XXXIV
867 2692 898 2734 v.
917 2673 966 2735 18.
984 2673 1070 2749 Quod
1086 2673 1181 2734 eiiam

224 2759 298 2821 iecit
318 2760 414 2821 Jacob
439 2760 559 2837 erigens
590 2757 739 2834 lapidem,
763 2761 794 2817 et
814 2757 917 2819 oleum
948 2753 1097 2825 lundens,
1122 2770 1184 2815 nun

223 2841 284 2902 luit
304 2843 450 2908 dunmxat
470 2845 701 2902 monumentum
728 2838 868 2907 visionis,
894 2838 945 2899 sed
968 2836 1181 2915 propheticum

223 2924 364 3001 signum,
387 2924 566 3002 pietatisque
588 2919 787 2998 ao-spiritalis
808 2919 998 2998 pinguedinis
1022 2919 1182 2995 argumen-

223 3010 306 3078 tum,
332 3012 407 3068 tesie
428 3005 596 3081 Augustino
617 3003 656 3063 de
680 3001 810 3081 Ciuitate
831 3004 889 3063 liei
909 3001 978 3061 Lib.
1001 2996 1079 3061 XVI
1101 2998 1178 3077 Cap.

223 3086 275 3149 32.
298 3088 460 3150 Praeterea
480 3086 511 3145 in
533 3085 615 3162 Lege
635 3084 746 3162 scripta
760 3080 1026 3145 Caeremoniarum
1042 3080 1181 3155 omnium

223 3169 323 3241 Deum
343 3170 435 3231 luisse
455 3174 630 3235 auctorem,
653 3165 760 3239 eisub
776 3164 833 3225 illis
848 3165 984 3227 latitasse
1007 3164 1182 3229 futurarum

222 3268 328 3312 rerum
350 3250 483 3329 ligures,
506 3250 695 3312 demonstrat
714 3245 966 3315 hiberionae,
989 3251 1021 3307 ei
1042 3246 1071 3305 in
1094 3243 1124 3302 1.
1142 3245 1182 3305 ad

223 3330 394 3394 Corinthios
416 3329 490 3409 Cap.
512 3328 590 3391 XVI
611 3328 741 3389 affirmet
762 3329 907 3391 eximium
921 3328 985 3389 Vas
1011 3324 1180 3388 electionis

205 3411 257 3474 ln
271 3414 358 3491 Lege
379 3406 702 3495 quoqueliuangelie'a
723 3410 753 3468 in
786 3410 902 3471 ritibus
924 3410 1047 3488 singulis
1080 3405 1182 3468 latere
1268 3476 1269 3499 χ

223 3498 380 3575 mysteria,
404 3495 601 3573 comprobant
621 3498 698 3569 quae
729 3492 770 3551 de
786 3494 1003 3571 expurgatione
1022 3490 1180 3549 -iermonsi

224 3578 344 3653 scripsit
363 3577 528 3657 Apostolus
545 3574 653 3637 eadem
675 3570 903 3653 EpistolaCap.
920 3573 956 3637 =V
976 3578 1009 3635 ei
1027 3572 1066 3632 de
1087 3571 1185 3648 parti·
1268 3596 1269 3637 p

223 3656 370 3737 eipatione
390 3658 527 3739 ejusdem
549 3655 655 3736 panis,
678 3670 745 3732 cap.
768 3651 813 3715 X.
1109 3684 1110 3687 =
1268 3676 1269 3709 i
