2567 4042
464 161 675 234 οῡ11β

88 289 197 350 stibus.
214 287 273 351 Per
293 290 458 354 adventurn
474 297 575 354 autem
590 288 657 352 Filii
672 288 728 351 Dei
742 291 929 352 cessantibus
942 307 1051 350 cruen-

87 371 128 431 tis
149 369 310 433 Saoridoiis
332 373 443 434 veteris
465 372 573 452 Legis,
597 375 641 434 uii
660 372 722 450 jam
739 373 926 452 praedictum
942 390 960 431 a
976 370 1050 432 Pro·

86 451 188 530 phalis
208 452 341 524 luerat,
365 447 540 518 successere
567 455 747 532 perfectiora
769 455 992 524 Sacramenta,
1013 471 1050 514 ac

85 536 156 595 uari
177 534 289 606 Ritus,
312 537 428 612 antiqui
449 537 553 615 populi
574 538 775 598 caeremoniis
796 538 967 614 abrogatisr
983 537 1050 598 boc

88 621 157 686 est,
184 633 263 678 nova
284 618 436 680 Ecclesiae
458 618 626 688 catholicae
641 617 779 697 Liturgia
801 621 965 686 successit,
986 619 1051 679 sire

85 697 247 776 disciplina
270 698 299 760 in
315 697 431 769 Sacris,
448 700 536 779 cujus
551 699 663 779 duplex
678 719 771 779 genus
785 702 978 762 statuendum
991 703 1049 760 ast.
1078 700 1084 711 “

87 778 236 842 Alterum
249 799 295 840 «ex
317 779 434 844 Ritibus
455 787 510 843 aui
522 783 560 844 ab
576 783 641 860 ipso
655 781 810 843 Salratme
823 807 837 851 ,-
849 781 955 860 ejusve
971 782 1052 858 bpa-

86 862 176 922 stolis
199 870 339 926 nascente
361 861 499 928 Ecclesia
516 866 734 942 praescriptis,
756 864 794 925 de
816 866 927 940 quibus
947 869 1050 925 certor

86 959 143 1003 nos
164 943 281 1006 iaciunt
301 945 402 1006 Divini
425 945 530 1014 Libri,
553 952 607 1008 aut
626 947 800 1022 Apostolica
818 943 971 1014 Traditio,
996 961 1052 1023 per

85 1024 263 1102 primitivae
284 1023 437 1088 Ecclesiae
452 1025 555 1088 Patres
578 1028 734 1105 usquead
756 1047 811 1088 nos
832 1026 982 1089 derivata.
998 1025 1052 1087 Al·

87 1112 194 1168 torum
213 1105 304 1169 Ritus
325 1108 392 1170 illos
414 1108 646 1188 complectitur,
669 1127 746 1186 quos
766 1110 929 1171 identidem
944 1107 1050 1170 Eccle-

86 1189 133 1250 sia
155 1189 320 1276 universa,
344 1196 398 1252 aut
413 1191 579 1267 peculiares
594 1187 747 1252 Ecclesiae
762 1193 941 1253 invexerunt
954 1193 985 1251 in
998 1190 1052 1252 Sa·

86 1286 165 1338 ora,
181 1277 274 1348 prout
286 1271 574 1336 Pectoribusvisum
589 1272 648 1334 luit
662 1274 757 1351 magis
771 1289 941 1352 congruum
955 1272 1051 1351 maja

86 1354 161 1416 stati
177 1349 407 1432 Mystenorum,
419 1355 484 1416 siue
496 1353 650 1417 efficacius
664 1355 702 1422 ad
717 1355 855 1416 alendam
871 1355 1051 1434 augendam,

86 1453 150 1514 quc
173 1435 277 1514 papuli
297 1436 502 1498 devotionern.

477 1595 608 1662 carus.
625 1597 667 1660 u.
696 1571 704 1655 ’.
834 1608 858 1675 1

173 1777 274 1826 rocos
296 1776 500 1824 mnasonis
523 1765 564 1824 rra'
586 1776 720 1824 accarca
741 1777 975 1824 urirmarur.
1008 1849 1011 1856 Ι

127 1923 157 1986 1.
184 1922 270 1986 Circa
292 1923 386 2002 bajus
401 1925 528 1988 nominis
546 1924 745 1988 Cocrcrrroriie
760 1918 799 2005 (1)
815 1924 1051 2004 etymologiam,

89 2008 196 2068 uariae
215 2011 290 2084 suni
309 2011 469 2070 auctorum
492 2007 659 2086 opiniones.
682 2005 812 2078 Quidam
834 2012 980 2084 putarunt
1010 2005 1055 2068 ao

88 2095 154 2152 cias
178 2087 393 2151 Caerenronias
414 2107 432 2149 a
457 2088 610 2156 Caritate,
629 2089 714 2170 quasi
744 2088 928 2148 carimeniae
944 2104 1055 2164 ,equae

89 2172 126 2232 ad
143 2171 305 2232 caritatem
325 2175 357 2230 et
372 2168 558 2250 Religionem
581 2174 727 2250 spectant.
746 2167 807 2231 lilii
827 2189 846 2230 a
867 2172 958 2247 cado,
975 2169 1056 2244 quod

89 2258 165 2316 sunt
187 2254 271 2330 signa
293 2257 418 2314 externa
449 2271 555 2320 rorum
582 2251 760 2314 caelestium
793 2268 829 2314 ae
858 2250 1053 2319 divinarum,

91 2334 181 2412 quasi
203 2334 412 2404 coelimonios,
436 2335 515 2394 sicui
537 2335 708 2394 coeruleum
730 2331 867 2394 dicimus·
880 2350 935 2408 pro
956 2332 1056 2392 eoru·

89 2417 149 2478 ico.
173 2415 265 2485 Alii,¹
283 2423 321 2476 ut·
338 2415 453 2478 Gellius
474 2415 541 2476 Lib.
565 2415 608 2478 lv
630 2413 705 2492 Cep.
728 2413 760 2484 9,
791 2413 963 2475 Macrobius
984 2412 1051 2474 Lib.

93 2498 146 2558 11·.
174 2494 386 2568 Saturnalium
409 2495 481 2575 Cap.
505 2497 525 2558 3
546 2495 739 2565 a-corcrrdo,
770 2497 857 2572 quasi
877 2498 1054 2558 carimonias

90 2579 155 2644 Sed
175 2579 255 2644 baec
273 2580 456 2659 etymologia
484 2584 533 2652 est
561 2578 703 2639 violenta.
742 2577 834 2640 Nera·
847 2577 1056 2639 Caerimniae

92 2662 195 2723 multo
216 2662 312 2738 magis
331 2664 363 2720 -in
385 2661 543 2732 habendo,
568 2677 662 2738 quam
685 2661 716 2720 in
736 2659 867 2722 carendo
887 2661 1054 2721 consume

93 2743 251 2806 ridentur.
272 2743 428 2820 Siquidem
447 2740 638 2806 Caerirnonia
660 2747 708 2804 cst
728 2743 844 2804 habere
865 2742 937 2802 thus
959 2743 990 2804 in
1004 2738 1056 2802 Sa·

94 2824 236 2896 orificio,
258 2822 507 2890 boberosccreos
537 2830 569 2886 et
598 2830 701 2889 celcra
725 2822 922 2900 hujusmodi,
945 2822 1055 2901 quibus

93 2905 300 2974 eaeremoniis
320 2904 508 2970 inEcclcsia
529 2907 578 2968 uti
611 2907 766 2968 solemne
780 2903 846 2964 Non
866 2921 939 2982 ergo
968 2921 987 2965 a
1008 2921 1055 2963 oa-

93 2989 191 3050 rendo
207 2990 320 3052 'dictae
332 2996 412 3052 suut.
430 2986 543 3052 -Strabo
561 3029 569 3056 ,
591 2987 734 3050 Valerius
756 2986 929 3052 Maximus,
951 2985 1056 3048 Liainr

93 3071 176 3148 apud
197 3069 340 3132 vossium
364 3072 395 3132 in
414 3068 645 3149 Etymologice,
669 3068 899 3133 Caeccmoniam
919 3066 978 3127 dici
999 3081 1057 3144 pn·

94 3156 160 3214 tant
181 3170 199 3212 a
225 3153 319 3217 Cocrr
340 3153 493 3214 'lbusoiao
512 3151 634 3230 oppido,
659 3152 722 3222 ubi,
740 3169 802 3228 quo
823 3146 1056 3227 tempere-Gaui

95 3232 223 3296 Rornarn
245 3235 398 3304 tenebant,
420 3240 608 3296 asservatum
631 3237 739 3311 putant
759 3237 918 3294 aeoeruum
939 3231 1055 3307 ignem,

94 3323 357 3392 commoratusque
372 3315 530 3378 Vestales:
548 3315 627 3376 unde
642 3314 746 3378 Livius
762 3313 894 3396 Canem
912 3309 979 3374 Lib.
996 3308 1057 3372 Vll

93 3397 259 3478 appellavit
279 3395 511 3478 preparatam
533 3394 939 3459 commeassem.
957 3391 1058 3470 boge-

132 3571 363 3636 amasionum,
382 3573 420 3625 De
440 3570 619 3624 Coarcmoniir
637 3571 732 3636 Capul.
751 3571 773 3621 1.
792 3574 819 3618 ct
836 3577 894 3631 seq.
