2567 4042
605 227 667 290 ἢ)
688 215 747 278 att
768 223 828 284 aa·

246 357 298 406 tar
311 345 429 407 bomini
441 346 586 425 persentio
608 346 777 426 spiritualis
798 347 913 412 artatis,
929 344 997 404 iden
1014 339 1145 420 ¹illefonsi
1158 339 1193 402 ad
1258 347 1259 352 ’

244 429 296 488 hoc
311 429 539 491 Sacramentum
560 428 689 496 accedit,
712 437 894 490 sustentatur
916 427 1002 505 quasi
1021 423 1120 486 mbae
1140 422 1194 501 rpi-

244 511 400 570 ritnnliter
420 510 608 580 imbecilius,
637 524 663 574 et
688 529 779 588 puer.
803 510 937 572 Eandem
965 508 1028 569 iere
1050 508 1193 568 rationem

246 591 389 652 describit
412 590 443 650 S.
460 589 587 654 Carolus
609 591 698 654 Parte
719 591 762 654 lv
785 592 931 654 Actorum
948 591 991 650 De
1006 590 1195 650 Sacramenta

249 673 506 753 Confirmatiom‘r.
521 674 586 734 Non
607 676 688 735 enim
710 676 801 736 debet
822 675 914 734 alium
936 674 972 732 ad
991 669 1195 730 Confirmatio·

246 773 316 822 nem
338 762 441 816 tenere
463 758 515 832 qui
537 758 669 818 nondum
691 765 737 819 est
758 755 964 818 confirmatus,
988 753 1020 814 ld
1043 752 1125 830 quod
1147 769 1195 810 ex·

245 855 348 914 presse
371 836 500 898 babetur
531 838 561 896 io
583 838 656 898 Can.
679 837 717 900 ct
744 839 779 900 de
805 837 1058 904 consecratione,
1088 832 1195 894 Distin·
1259 855 1260 900 3

246 918 342 980 ctione
355 917 409 978 lv.
424 919 507 981 Licet
528 921 607 980 enim
632 923 812 998 baptizatus,
829 920 867 979 sit
882 920 1011 980 allectus
1026 913 1194 976 membrum
1259 913 1260 980 ζ

246 1000 414 1069 Ecclesiae,
438 1002 568 1064 nondum
592 1011 692 1064 tamen
714 1008 760 1062 est
781 1002 948 1077 adscriptus
970 999 1099 1058 militiae
1121 996 1194 1056 chri-

247 1084 386 1152 Siiifflte,
417 1087 460 1144 uli
480 1083 805 1160 observarungeticns
827 1082 948 1143 Ductor.
973 1079 1137 1140 Praeterea
1162 1093 1195 1136 ue

246 1162 360 1226 Batrioi
380 1167 492 1226 assumi
515 1169 644 1234 valeant,
663 1167 762 1235 Pater,
786 1171 838 1225 aut
859 1163 967 1230 Mater,
984 1165 1125 1231 Maritus,
1147 1164 1194 1219 atri

246 1243 352 1316 Uxor3
376 1247 445 1320 auia
469 1249 610 1311 nimirum
638 1269 677 1310 ex
699 1247 870 1328 hujusmodi
897 1245 1089 1322 susceptione
1118 1240 1196 1318 spiri·

248 1328 337 1390 lualis
358 1328 485 1392 affinitas
507 1333 580 1390 oriri
603 1333 691 1392 solet.
705 1329 919 1404 Antiquissima
943 1324 1131 1386 consuetudo
1144 1321 1195 1382 Ec-

248 1409 356 1471 clesiae
378 1409 627 1481 Romanae-luit,
651 1421 686 1473 ut
706 1415 736 1472 in
758 1409 991 1473 confirmatione
1013 1407 1132 1480 siuguli-
1145 1405 1197 1464 sin-

249 1493 334 1568 gulos
355 1495 554 1571 susciperent.
570 1494 626 1571 ¹Cui
649 1494 823 1571 disciplinae
844 1493 1047 1554 adhaerentes
1063 1485 1197 1564 Episcopi

248 1573 379 1634 decretis
400 1577 461 1636 suis
483 1584 639 1645 caverunt,
665 1595 701 1636 oe
722 1576 870 1643 Petrinus,
886 1573 1081 1646 Matrioaque
1104 1571 1196 1646 plures

179 1669 183 1674 ·
248 1656 278 1719 in
298 1653 540 1719 Coolirmatioois
561 1657 755 1721 Sacramenta
777 1663 887 1725 laneat,
912 1672 1003 1731 quam
1025 1670 1135 1712 uuum.
1150 1649 1197 1711 Est

246 1744 403 1814 praeterea
427 1740 521 1810 ratio,
546 1741 584 1800 ob
605 1759 697 1816 quam
720 1739 859 1800 Petrinus
881 1757 939 1798 non
962 1737 1089 1813 plures,
1114 1747 1197 1808 quam
1260 1763 1261 1778 2

247 1835 344 1883 unum
366 1822 518 1897 suscipere
540 1821 639 1892 debet,
659 1841 696 1883 ne
718 1822 831 1882 scilicet
854 1820 940 1879 nimis
962 1817 1195 1891 multiplicentur
1260 1839 1261 1886 l

249 1899 434 1960 Matrimonii
456 1905 681 1982 impedimenta.
698 1904 859 1966 Praeterea
882 1906 917 1961 ut
937 1898 1022 1977 ajunt
1041 1893 1194 1978 theologi,
1260 1887 1261 1950 l

247 1999 327 2044 unus
350 1981 506 2060 Angelus,
537 1987 586 2050 cui
608 1987 698 2046 ennius
725 1985 857 2046 hominis
884 1983 1020 2043 custodia
1043 1979 1197 2038 commissa

252 2073 319 2133 est,
343 2064 472 2126 aliorum
495 2069 628 2145 regimen
651 2069 775 2128 minime
797 2064 944 2142 suscipit,
969 2062 1092 2138 assando
1113 2056 1198 2136 magis

250 2145 343 2210 homo
365 2151 483 2208 terreus
513 2149 686 2227 a'pluriuin
715 2147 807 2210 tutela
836 2145 1026 2221 suscipienda
1055 2143 1198 2203 abstinere

251 2227 350 2288 debet.
364 2227 476 2288 Patrini
491 2249 532 2291 ex
548 2232 643 2291 reteri
659 2233 719 2292 ritu
734 2227 972 2291 confirmandum
988 2227 1098 2286 derha
1113 2241 1195 2284 manu

131 2335 133 2338 ’
249 2314 386 2371 ienemes
409 2311 445 2370 ad
469 2309 651 2390 Episcopum
675 2312 877 2375 adducebant,
901 2315 933 2369 et
954 2309 978 2368 si
1000 2309 1066 2385 ipse
1088 2305 1197 2366 adultus

247 2396 353 2461 esset,
377 2393 485 2468 pedem
508 2412 601 2471 super
620 2395 731 2455 Patrini
754 2394 894 2455 dextrum
917 2389 1024 2467 pedem
1049 2391 1198 2466 imponere

246 2472 393 2540 debebat,
415 2474 493 2535 siem
514 2477 727 2552 praescribitur
750 2478 779 2535 in
801 2473 916 2533 Ordine
938 2473 1094 2540 Romano,
1118 2488 1151 2530 aa
1172 2469 1195 2526 in

247 2551 339 2614 Libro
361 2555 627 2618 Sacramsolornm
650 2558 748 2619 Sancti
765 2555 916 2632 Gregorii.
931 2553 1082 2626 Quoniam
1106 2553 1143 2613 ad
1157 2566 1196 2608 ra-

192 2639 206 2654 *
247 2633 359 2695 tionem
381 2634 491 2696 Patrini
514 2637 755 2700 confirmationis
783 2637 968 2714 requiritur,
992 2635 1075 2710 quod
1097 2630 1195 2694 confir-

177 2783 188 2794 ·
246 2721 363 2778 mabam
385 2736 457 2778 rere
479 2725 596 2797 tangat,
620 2738 655 2781 ac
680 2727 800 2793 teneat,
824 2719 933 2779 adeant
955 2717 980 2776 si
1003 2716 1079 2777 baec
1102 2730 1195 2776 caera·

247 2801 349 2858 monia
371 2801 583 2876 negligeretur,
607 2821 662 2862 nec
685 2803 784 2863 obiret
805 2800 940 2878 patrinus
962 2815 1073 2859 munus
1096 2813 1193 2859 sunm.

252 2895 307 2940 nee
328 2899 419 2941 rerrrs
440 2885 520 2943 esset
542 2890 719 2959 sitsceptor,
743 2901 798 2944 nec
820 2879 984 2958 spiritualis
1002 2880 1144 2957 cognatio
1164 2892 1194 2934 er

246 2979 374 3022 munere
397 2964 496 3024 oriens
517 2967 774 3035 contraheretur,
799 2969 833 3024 nt
853 2979 924 3022 cum
946 2961 1051 3022 multis
1073 2957 1195 3020 Theolo-

246 3042 291 3121 gis
311 3043 414 3104 firmat
434 3043 568 3108 Sanchcz
591 3048 658 3108 Lib.
677 3045 734 3108 Vll
757 3049 802 3108 Dc
825 3043 1035 3112 Matrimonia,
1060 3045 1193 3122 meppea.
1261 3037 1262 3074 i

245 3125 415 3201 nonebvl.
435 3125 511 3188 illud
534 3147 606 3206 ergo
629 3137 723 3197 reste,
747 3134 778 3189 ct
799 3126 963 3193 honestati,
988 3130 1019 3184 et
1034 3125 1130 3186 reteri
1143 3117 1193 3180 uc·

247 3206 357 3269 clasiae
379 3209 551 3285 disciplinas
572 3219 807 3281 consentaneum
832 3209 860 3267 in
879 3208 1035 3286 'plerisque
1050 3202 1190 3267 Consiliis,

247 3303 284 3346 ac
297 3290 474 3364 praesertim
496 3293 524 3351 in
539 3291 671 3353 Concilio
686 3291 915 3358 Mediolaneosls
936 3289 964 3348 V
986 3289 1113 3348 baritum
1128 3299 1193 3362 qtto·
1261 3293 1262 3362 l

245 3383 306 3442 que
326 3370 463 3439 ridetur,
478 3378 521 3442 ,ut
543 3391 579 3433 oc
601 3369 736 3434 maribus
751 3373 900 3434 foeminae
913 3368 1123 3438 commatres,
1145 3380 1192 3426 nee

245 3454 349 3509 contra
371 3453 489 3512 leminis
511 3473 610 3516 mares
631 3454 809 3535 Compatres
831 3455 860 3513 in
882 3451 1126 3514 Confirmatio'ois
1146 3448 1190 3508 St·
1260 3463 1262 3540 ξ

245 3540 400 3594 cremento
422 3535 647 3596 adhiberentur.

282 3611 322 3675 11.
345 3615 422 3678 Cum
443 3614 684 3680 Confirmatiools
715 3614 944 3680 Sacramentum
977 3616 1015 3678 ad
1038 3612 1187 3696 perlectio-
