2567 4042
494 198 696 267 enitebit&

118 339 227 394 manus
248 325 487 404 impositionem,
513 345 604 404 quam
627 345 699 389 oum
721 324 910 406 Presbyteris
931 326 1073 388 adstanti-

117 407 173 468 bus
195 407 289 484 super
315 405 551 470 ordinandorum
574 415 665 486 caput
686 408 759 469 lacit
779 406 969 485 Episcopus,
995 407 1072 472 iorte

117 493 254 566 spectant
268 489 326 549 'illa
348 489 484 568 Apostoli
516 491 609 551 verba
631 492 662 549 in
684 487 819 566 Epistola
839 490 939 567 prima
964 489 1001 550 ad
1023 490 1073 550 Ti·

117 571 291 640 matheum,
308 573 404 648 capite
419 572 479 632 lV:
496 571 565 634 Noti
579 575 729 650 septipere
744 572 888 650 protiom,
906 590 983 648 quoe
996 573 1030 631 in
1045 581 1073 634 te

118 661 167 720 cet,
185 665 261 730 quoe
284 651 357 714 doto
379 664 420 714 est
441 655 501 716 tibi·
511 673 568 735 ptr
584 655 773 734 prophetiam
795 672 862 712 cum
882 654 1074 734 impositione

115 750 267 806 mannum
286 732 476 815 Prosbmerii.
495 736 555 796 Cur
571 735 704 797 Diacnno
726 737 807 795 solus
821 735 987 813 Episcopus
1010 753 1074 797 ma-

115 831 190 878 num
206 817 352 893 imponat,
364 817 544 896 Presbytero
560 825 662 880 autem
673 816 839 895 Episcopus
851 833 910 876 una
922 833 991 879 cum
1006 817 1073 878 aliis

116 897 333 976 Presbyteris,
363 901 511 960 rationem
540 900 652 973 indicat
681 904 884 972 memoratum
905 897 1073 960 Concilium

115 977 367 1057 Carthaginense,
384 980 504 1045 Conone
519 979 574 1050 1V3
591 984 662 1058 quia
685 982 829 1042 nimirum
843 981 996 1041 Diaconus
1014 999 1072 1040 non

117 1062 155 1122 ad
179 1061 400 1130 Sacerdotium,
418 1062 469 1124 sed
493 1063 530 1122 ad
553 1064 756 1124 ministerium
777 1071 981 1132 consecratur,
999 1059 1073 1122 Pre-

117 1145 224 1222 sbyter
246 1149 349 1207 autem
370 1145 408 1204 ad
430 1143 664 1213 Sacerdotium,
689 1151 720 1205 et
740 1145 865 1222 proinde
887 1163 906 1204 a
926 1144 1072 1220 Compre-

118 1226 251 1305 sbytcris
272 1227 356 1286 velut
378 1227 407 1285 in
423 1227 605 1288 consortium
627 1228 711 1305 paris
730 1227 880 1302 dignitatis
895 1227 1070 1288 assumitur.

116 1307 197 1370 Sane
219 1307 421 1368 adnotandum
445 1308 492 1368 bic
514 1309 589 1370 illud
613 1314 702 1385 puto,
727 1310 822 1368 solam
844 1326 951 1369 manus
971 1311 1071 1386 impo-

117 1391 261 1450 sitionem
283 1391 320 1448 ab
342 1388 492 1468 Episcopo
514 1393 623 1452 iactam
643 1433 651 1459 ,
675 1390 865 1451 essentialem
887 1407 977 1460 esse,
1002 1407 1072 1450 cum

117 1469 289 1559 ipse-splus
320 1472 358 1531 sit
379 1471 766 1532 Ordinationisministert
790 1472 942 1532 adstantes
969 1477 1073 1532 autem

117 1554 168 1614 alii
194 1551 371 1614 Sacerdotes
405 1554 473 1614 ideo
495 1553 583 1617 simul
615 1571 723 1614 manus
744 1555 926 1630 imponunt,
951 1572 1009 1614 uon
1039 1558 1074 1613 ut

118 1634 266 1696 Ordinem
288 1633 454 1704 conterant,
471 1635 567 1714 iuquit
588 1635 715 1696 Sanctus
730 1636 954 1706 Bouaventura,
971 1634 1023 1696 sed
1038 1639 1074 1694 ut
1140 1702 1145 1710 ι

118 1735 156 1780 eo
178 1717 240 1776 ritu
269 1719 366 1793 gratia
387 1719 606 1778 communionis
627 1716 837 1795 significetur,
862 1735 940 1793 quae
962 1719 991 1776 in
1014 1714 1073 1776 Or·

117 1797 188 1860 dine
211 1797 394 1860 Saeerdotali
415 1799 581 1867 confertur,
600 1805 631 1860 et
654 1816 708 1874 per
729 1799 923 1860 Sacerdotem
946 1797 1074 1858 admini-

116 1880 209 1942 strari
232 1879 330 1962 debet.
355 1879 440 1944 Haec
472 1898 544 1960 ergo
567 1899 675 1942 manus
696 1882 871 1956 impositio,
896 1899 987 1958 quam
1022 1878 1073 1939 alii

116 1960 295 2039 Presbyteri
317 1962 459 2040 iaciunt',
479 1963 698 2032 solemnitatis,
724 1982 781 2022 non
804 1963 990 2024 necessitatis
1011 1967 1069 2021 est,

117 2041 159 2104 Ut
181 2045 286 2104 autem
309 2051 422 2120 pateat,
439 2064 507 2108 eam
529 2045 750 2123 impositionem
765 2062 910 2105 manuum
933 2062 991 2103 non
1007 2059 1073 2102 osse

118 2127 396 2199 sacramentalem,
427 2127 625 2206 praecipuum
654 2130 867 2204 argumentum
895 2132 965 2193 est,
992 2123 1074 2200 quod

117 2205 295 2286 Presbyteri
317 2225 424 2270 manus
453 2211 640 2285 imponentes
668 2209 751 2270 nulla
778 2205 1070 2282 verbayprolerant:

118 2289 178 2350 hoc
202 2290 282 2350 enim
304 2292 445 2363 ostendit,
469 2291 560 2367 ipsos,
585 2308 656 2351 cum
677 2287 808 2349 lormam
830 2305 889 2346 non
911 2285 1073 2351 exhibeant

119 2369 337 2441 Ordinationis,
356 2391 416 2433 nec
439 2373 597 2432 materiam
620 2372 776 2434 exhibere.
793 2367 873 2430 Huic
895 2367 1073 2446 Latinorum

118 2452 194 2512 ritui
218 2455 379 2530 respondet
400 2453 481 2532 apud
501 2452 635 2514 Graecos
656 2453 806 2522 salutatio,
831 2469 923 2528 quam
945 2449 1073 2526 Presby-

21 2541 23 2588 ἰ
118 2532 178 2594 teri
201 2532 537 2615 Presbyteris,l]iaconi
559 2533 711 2605 Diaconis,
729 2535 766 2596 de
788 2551 866 2595 novo
887 2532 1070 2594 consecratis

121 2615 278 2676 exhibent.
474 2655 485 2674 .
603 2637 605 2640 >

132 2718 137 2730 ·
161 2694 234 2757 vll.
258 2696 303 2759 De
324 2701 385 2760 ritu
414 2698 605 2777 apponendae
628 2696 728 2761 Stolae
749 2698 940 2776 Presbyter-is
971 2697 1001 2754 in
1023 2711 1074 2755 co·

121 2795 191 2838 rum
214 2778 429 2850 Ordinatione,
455 2781 585 2842 habetur
608 2780 638 2840 in
660 2781 782 2856 antiquo
803 2778 939 2840 Romano
959 2777 1073 2847 Ordine
1190 2769 1199 2793 '

121 2876 193 2920 cum
209 2862 316 2922 eadem
335 2863 500 2924 ¹verborum
515 2861 646 2922 formula
664 2864 759 2922 nostri
773 2861 901 2927 Romani
915 2859 1073 2920 Pontifica-

120 2939 174 3012 lis;
198 2942 271 3004 item
293 2944 322 3004 in
344 2945 556 3006 vetustissimis
576 2938 799 3004 Pontifioalibus
814 2941 936 3021 Egberti
959 2939 1076 3001 Eborass

122 3024 220 3084 censis
242 3023 485 3105 Archiepiscopi,
510 3031 541 3086 et
555 3023 911 3100 AnglicanoMonasterii
933 3021 1076 3082 Gemme-

121 3105 271 3176 ticensls,
294 3107 325 3167 in
347 3109 479 3185 quibus,
509 3109 583 3168 dum
598 3104 771 3184 ‘Episcopus
795 3107 847 3167 dat
867 3105 981 3169 Stolam
1001 3102 1074 3164 Pre-

123 3187 260 3266 sbytero,
283 3188 325 3247 ita
347 3190 455 3266 inquit:
478 3190 564 3252 Stolo
581 3189 722 3270 justitiae
744 3186 909 3248 circumdet
930 3186 1076 3248 Dominus

125 3270 270 3328 ceruicem
291 3277 400 3344 tuom,
424 3279 453 3330 ct
472 3273 509 3342 ab
531 3271 614 3348 omni
636 3269 829 3348 corruptione
844 3272 962 3348 peccati
983 3269 1075 3345 puri·

122 3347 190 3427 ficet
204 3349 349 3412 Dominus
370 3361 497 3412 mentem
513 3362 608 3414 tuom.
626 3351 735 3412 Statim
747 3349 838 3413 ,Stola
859 3350 936 3409 collo
950 3349 1076 3428 Presby-

123 3431 181 3490 teri
212 3431 244 3489 in
265 3433 392 3494 modum
414 3435 510 3494 crucis
537 3436 697 3511 apposita,
728 3439 946 3508 consequenter
967 3429 1075 3491 Casula

123 3517 283 3589 amquam
308 3517 401 3576 vestis
429 3515 630 3576 sacerdotalis
663 3515 719 3593 ipsi
746 3513 860 3584 datur;
888 3511 975 3589 cujus
1000 3512 1077 3570 ritus

124 3596 286 3674 perspicue
305 3600 445 3660 meminit
456 3597 546 3676 ¹Ordo
568 3594 745 3670 Romanus,
763 3596 812 3656 sic
832 3595 993 3671 inquiens:
1016 3588 1076 3652 Hic

894 3688 909 3717 ᾳ
