2567 4042
537 154 813 259 'meorum

226 318 264 380 tis
284 319 365 379 clare
386 317 539 394 loquitur,
563 317 634 377 dom
658 317 750 378 dicit:
774 318 808 376 in
830 315 926 376 medio
949 313 1096 378 Ecclesiae
1115 315 1176 380 ‘Co-

169 463 173 470 ,
224 398 314 461 decer
333 401 368 459 in
388 418 443 460 ruo
460 398 574 477 loretto
595 399 770 460 collocutum
794 400 899 476 supine
918 399 1024 479 jacens
1050 399 1174 476 coponi-

224 491 276 543 tur
297 501 366 543 cunt
385 480 551 560 insipnibur
572 480 687 560 produc
710 482 781 550 sui,
808 479 848 539 od
868 482 976 551 lutera,
1005 485 1034 540 et
1058 479 1098 542 nd
1124 499 1177 560 pc·

225 561 273 624 des
298 562 448 645 depositis.
473 563 566 623 Petro
589 565 617 621 in
639 562 766 624 elatione
788 561 901 622 teneris
924 561 973 621 vix
995 567 1060 630 est,
1085 581 1178 638 quem

224 661 280 704 non
303 651 430 722 tangant·
446 646 592 706 salutares
614 645 652 706 de
674 652 771 706 morte
793 651 823 704 et
845 643 1046 704 humanarum
1072 661 1175 706 rerum

225 729 428 790 imbecillitate
451 727 656 806 cogitationes.

264 809 316 870 tv.
340 808 450 870 locato
471 809 617 869 cadavere
640 809 671 868 in
693 809 792 869 medio
808 804 960 868 Ecclesiae
982 806 1102 868 mandat
1124 826 1176 867 no-

106 921 110 926 ·
224 896 319 951 strum
342 891 484 958 llituale‚
509 896 552 954 ut,
576 891 636 951 nisi
665 889 740 970 quid
764 888 934 970 impediet,
962 883 1079 949 dilator
1111 886 1176 1030 ipit·

224 975 304 1033 dum
315 971 504 1035 Mortuerum
526 991 593 1031 cum
609 974 704 1033 tribus
721 970 882 1032 Nocturnis
899 981 925 1030 ct
939 967 1101 1031 Laudibus.
1167 1007 1175 1015 -
1207 971 1209 976 ’

224 1060 288 1114 tant
309 1056 443 1136 plerique
466 1052 574 1115 eruditi
595 1061 759 1124 alectoros,
794 1050 865 1112 dici'
880 1053 936 1112 hoo
959 1049 1099 1112 Officium
1124 1052 1176 1112 Vi-

223 1136 307 1213 gilias
330 1137 540 1203 Mortuerum,
564 1137 634 1212 quia
655 1137 769 1218 scilicet
783 1134 861 1212 apud
882 1134 1092 1196 deiunctorum
1108 1130 1175 1194 cor-

223 1235 296 1293 pora
318 1220 346 1277 iu
369 1219 510 1280 Ecclesiis
532 1219 668 1294 exposita
690 1216 799 1279 lideles·
810 1217 962 1293 psallendo
977 1217 1174 1278 excubarent.

223 1297 333 1366 Certe,
356 1309 391 1360 ut
412 1303 486 1361 alios
507 1300 644 1361 omittam
659 1343 667 1371 ,
685 1303 811 1360 testatur
832 1297 863 1359 S.
880 1296 1042 1376 Gregorius
1064 1297 1175 1376 Nysse·

224 1400 289 1448 nus,
305 1381 342 1442 de
364 1384 447 1445 obitu
470 1382 581 1442 sororis
595 1400 668 1442 suae
684 1379 836 1442 Macrinae
860 1381 994 1458 loquens,
1012 1384 1175 1456 antequam

226 1483 336 1542 corpus
351 1465 420 1543 ejus
431 1463 592 1541 septtlcbro
608 1462 780 1531 inferretur,
793 1479 847 1540 per
862 1468 955 1523 totam
973 1467 1090 1522 noctem
1102 1462 1176 1522 luis·

223 1563 256 1608 se
271 1547 446 1624 productam
460 1545 665 1625 psalmodiam.
683 1543 770 1618 Quod
782 1561 819 1604 ex
836 1545 992 1604 traditione
1005 1544 1175 1618 Apostolica

224 1629 376 1689 decantari
395 1629 459 1708 jam
482 1627 554 1685 olim
585 1629 715 1688 solerent
736 1626 845 1687 Psalmi
871 1628 899 1685 in
927 1625 1082 1686 luneribus
1113 1627 1176 1688 vita

224 1711 415 1779 iunctorum,
440 1714 586 1772 testantur
617 1709 727 1786 passim
761 1709 849 1786 prisci
870 1705 1022 1767 Ecclesiae
1054 1707 1170 1768 Patres.

224 1791 281 1852 llis
301 1792 408 1868 vigiliis
431 1791 609 1851 hodiernum
631 1789 763 1850 ellicium
786 1788 1024 1858 Defunctorum,
1048 1789 1129 1865 qtrod
1144 1795 1176 1850 et

224 1871 393 1951 vigiliarum
407 1889 516 1934 nomen
533 1873 675 1941 retinuit,
693 1872 872 1949 respondere
887 1871 994 1940 docent
1008 1871 1086 1932 inter
1101 1872 1176 1932 alios

224 1955 402 2024 benardus,
426 1955 514 2015 Libro
537 1953 560 2014 l.
585 1953 629 2014 Dc
650 1954 839 2016 Institutione
861 1951 1016 2014 Horarum
1041 1952 1175 2015 Cerroni-

226 2055 354 2109 corum,
377 2035 450 2114 Cap.
475 2034 585 2098 XXXI
606 2055 689 2096 num.
716 2035 765 2104 10;
790 2041 820 2095 et
842 2034 1012 2112 Vanespem
1035 2032 1123 2094 Parte
1146 2032 1175 2094 ll

222 2117 311 2180 Jurit
348 2117 573 2188 Ecclesiastici‚
611 2115 707 2178 litnlo
736 2116 905 2178 XXXVlll
941 2117 1014 2194 Cap.
1044 2117 1058 2177 l
1088 2135 1171 2176 num.

221 2199 404 2262 XXXVlll.
429 2201 564 2278 Lelegum
585 2209 664 2260 esset
686 2197 820 2260 Rituales
841 2197 964 2260 Codices
986 2201 1023 2259 de
1046 2199 1174 2259 Absolu-

224 2285 303 2345 tioue
334 2283 466 2342 defuncti
497 2281 677 2341 describere.
709 2279 835 2342 Flebant
867 2282 940 2340 istae
972 2281 1173 2341 absolutiones
1234 2275 1237 2282 '

222 2365 324 2426 multis
345 2381 416 2423 cum
438 2363 592 2441 precibus,
618 2363 824 2439 llesponsoriis
845 2362 1108 2438 Orationibusque.

263 2446 303 2506 V.
328 2446 503 2522 Aspergitur
524 2442 659 2504 Cadaver
681 2445 768 2522 Aqua
790 2445 967 2510 benedicta,
990 2461 1048 2505 non
1063 2445 1100 2503 ad
1117 2445 1172 2504 tol-

222 2527 309 2589 lenda
330 2534 449 2604 peccata
477 2527 626 2597 venialia,
651 2527 702 2586 sed
734 2531 767 2587 ut
798 2527 919 2586 omuino
947 2528 1170 2588 immundorum

222 2610 381 2687 spirituum
404 2610 570 2687 praesentia
592 2613 740 2668 arceatur.
765 2607 841 2669 Tam
873 2608 1056 2676 incensatio,
1080 2625 1171 2685 quam

222 2709 317 2769 uqrrae
339 2691 512 2750 benedictae
534 2691 667 2767 aspersio
689 2687 869 2751 adhibentur
892 2693 921 2748 in
942 2691 1059 2768 signum
1076 2689 1173 2759 socie·

222 2774 290 2834 tatis
326 2777 357 2832 et
383 2771 604 2832 communionis
628 2771 914 2844 sacramentorum,
949 2785 1041 2849 quam
1073 2772 1171 2832 nobis·

222 2871 293 2916 cum
328 2853 500 2914 babuerunt
521 2852 653 2914 deiuncti
687 2854 759 2913 dum
791 2854 953 2923 vixerunt,
979 2870 1032 2913 neo
1059 2873 1117 2914 uon
1139 2859 1172 2914 ut

221 2935 396 2996 ostendatur
417 2935 496 3012 quod
518 2933 676 2996 delunetus
697 2935 805 2995 obtulit
837 2937 969 3012 seipsum
995 2935 1025 2994 in
1047 2937 1171 2996 odorem

221 3018 368 3079 bonorum
379 3034 526 3094 operum3
543 3035 598 3077 seu
613 3017 692 3093 quod
709 3015 856 3076 deiunctis
873 3017 966 3094 prosit
979 3019 1076 3077 oratio
1092 3035 1171 3093 quae

220 3105 268 3161 est
288 3099 380 3160 veluti
412 3098 578 3158 incensum.
604 3097 636 3158 ln
664 3097 756 3158 Missa
777 3103 879 3158 autem
912 3098 1037 3158 solemni
1068 3098 1172 3159 deluu-

221 3187 337 3243 ctorum
361 3199 419 3239 non
440 3182 611 3242 incensatur
626 3180 730 3242 Altare
744 3180 786 3239 ad.
796 3179 969 3251 lutroitum‚
983 3179 1033 3239 sed
1055 3183 1170 3241 tantum
1250 3247 1254 3256 .

221 3264 259 3324 ad
279 3263 400 3330 oblata,
423 3268 454 3322 et
475 3270 545 3324 tunc
567 3278 625 3321 non
647 3263 721 3332 alii,
744 3263 796 3322 sed
818 3262 899 3322 solus
921 3261 1065 3322 Sacerdos
1093 3263 1172 3323 cele-

222 3345 333 3413 brans,
357 3345 408 3421 qui
440 3350 645 3420 repraesentat
674 3341 851 3414 Christum,
882 3342 1081 3404 thurificatur.
1110 3343 1169 3404 Alii

222 3431 326 3486 autem
347 3443 406 3484 uon
427 3427 639 3494 incensantur,
664 3426 700 3486 ad
723 3425 924 3488 denotandum
949 3426 1026 3502 quod
1056 3427 1169 3486 mortui

221 3506 262 3566 nit
284 3507 408 3584 posthac
425 3508 533 3592 ualent
550 3507 679 3584 propriis
700 3507 885 3568 orationibus
917 3508 1095 3584 promereri.
1119 3505 1170 3566 ltu,

222 3595 286 3650 tum
308 3589 406 3666 ipsum
424 3588 586 3667 *spargendi
609 3596 722 3650 terram
743 3606 835 3669 super
856 3589 1007 3660 cadaver,
1035 3607 1091 3650 non
1106 3606 1169 3650 mo-
