2567 4042
608 183 832 254 *milw-

632 419 759 494 ruens
782 421 844 480 v.¹
914 427 924 448 ·

1259 507 1261 540 t

224 679 231 694 .
320 631 363 671 DE
384 631 503 676 usurus
525 633 568 673 Al)
590 631 800 674 nucleis-,inunt
825 629 1126 674 unocusswhstt'rrsn
1259 543 1262 726 Ί

496 712 686 756 sanemus!
710 713 769 755 VEL
788 711 951 755 sudarunt.

290 888 314 946 Ι.
339 887 545 947 Praetatorurn
569 891 688 949 nomine
718 905 770 948 eos
791 890 820 946 in
843 888 900 946 hoc
932 888 1030 964 eapite
1062 885 1186 964 intelligi-

250 986 340 1039 mus,
364 968 467 1045 quiin
494 973 582 1028 coetu
616 967 770 1030 hominurn
802 969 1025 1037 ecclesiastico,
1051 967 1105 1028 sub
1135 985 1187 1044 quo

241 1051 341 1111 etiam
363 1049 536 1127 religiosum
558 1052 606 1110 vel
622 1052 818 1112 monasticum
841 1049 1135 1127 comprehendimus,
1151 1049 1188 1108 di-

249 1132 387 1210 gnitate,
420 1134 623 1203 auctoritate,
647 1141 679 1194 et
710 1131 808 1192 otticio
830 1134 940 1200 ceteris
972 1135 1043 1192 sunt
1067 1148 1189 1208 praepo·
1262 1171 1263 1174 κ

168 1249 174 1266 ι
249 1215 317 1282 siti,
343 1231 451 1292 nempe
483 1211 645 1291 Episcopi,
669 1215 823 1286 Antores,
853 1213 1017 1275 Generales
1048 1211 1188 1295 Ordinurp
1262 1239 1263 1244 ¹

252 1295 484 1374 religiosorum,
508 1297 609 1357 etalii
633 1296 661 1355 id
684 1313 778 1373 genus
811 1297 950 1358 homines
981 1295 1144 1372 dignitate,
1166 1301 1191 1354 et

251 1379 431 1438 auctoritate
453 1383 648 1455 praestantes.
673 1378 760 1451 Quod
782 1385 884 1439 autem
908 1379 1036 1457 Legatos
1059 1380 1192 1454 spectat,

249 1478 302 1520 eos
322 1460 424 1526 etiam
436 1459 630 1536 intelligimus
652 1459 680 1518 in
703 1459 759 1520 hoo
780 1457 905 1537 Capite,
929 1461 1039 1538 quibus
1072 1455 1191 1519 Romani

251 1540 409 1602 Pontifices
424 1541 585 1620 <legationis
606 1541 739 1601 officium
752 1542 955 1610 demandante
972 1547 1076 1617 estque
1093 1541 1193 1617 triplex

251 1623 387 1699 ipsorum
409 1639 522 1700 genus3
547 1623 597 1683 alii
617 1625 709 1682 >enim
741 1629 811 1684 sunt
832 1623 934 1703 Legati
957 1641 975 1682 a
997 1621 1127 1691 Latere,
1150 1621 1192 1681 alii

251 1704 348 1777 Missi,
364 1701 557 1764 aliiNatirde
578 1703 688 1781 quibus
709 1704 885 1768 Canontstae
907 1707 971 1766 lere
994 1721 1099 1763 omnes
1114 1709 1195 1782 agunt

253 1788 283 1844 in
297 1785 373 1863 Cap.
390 1785 402 1845 1
419 1787 462 1846 De
484 1783 574 1868 officio
596 1781 724 1863 Lepcti,
748 1787 848 1847 etalii
870 1789 1043 1864 complures
1064 1786 1095 1844 in
1117 1803 1199 1864 peen-

172 1885 175 1889 ·
254 1868 378 1927 liarihus
399 1867 589 1927 Tractatihus
610 1866 654 1925 lto
675 1865 802 1946 Leporis.
820 1869 885 1930 ltlos
901 1871 973 1930 olim
995 1867 1073 1937 icit,
1091 1865 1198 1944 utEpi·

241 1951 351 2026 'scopis
364 1989 376 2018 ,-
396 1951 461 2010 sive
482 1948 673 2028 Apostolicae
695 1948 780 2010 Sedis
801 1950 922 2028 legatis
942 1952 978 2011 ad
1011 1951 1142 2026 aliquem
1162 1950 1200 2008 lo·

252 2032 532 2093 cum-venientibus
553 2028 659 2090 Clerus
679 2036 711 2091 et
738 2030 889 2110 populus,
913 2033 1037 2092 honoris
1063 2037 1095 2092 et
1115 2029 1197 2091 efficii

254 2131 343 2174 cansa
356 2128 371 2181 ',·
386 2110 523 2191 {praelato
554 2108 659 2172 Crucis
691 2113 827 2185 vexillo,
853 2115 973 2174 obviam
1007 2113 1202 2190 procederet,

249 2195 335 2272 quod·
355 2213 413 2254 non
446 2213 541 2256 unum
573 2211 627 2257 nes
658 2194 749 2253 docet
766 2199 950 2272 exemplum.
980 2194 1011 2255 S.
1042 2194 1203 2255 Athanasio

243 2277 467 2338 'Alexandriam
489 2277 527 2337 ah
547 2275 638 2334 exilio
670 2275 806 2336 redeunti
840 2279 1006 2339 occurrisse
1029 2275 1203 2338 Alexandri·

202 2354 208 2360 ’
254 2378 330 2427 nos,
354 2359 446 2418 variis
460 2355 628 2436 agminibus
650 2373 703 2434 per
726 2375 834 2428 sexus,
852 2367 989 2424 aetates,
1013 2361 1046 2416 et
1065 2365 1147 2422 artes
1161 2359 1202 2418 di-

243 2440 347 2507 ·risis,
370 2441 490 2516 egregie
512 2438 664 2500 narratio
688 2441 820 2500 oratione
843 2460 897 2502 sua
920 2444 949 2502 in
973 2438 1094 2502 laudem
1117 2442 1207 2519 ipsius

250 2519 411 2580 Athanasii
423 2520 454 2581 S.
467 2520 628 2599 Gregorius
645 2518 860 2582 Nazianzenus.
877 2522 910 2583 ln
927 2525 1072 2584 honorem
1089 2522 1120 2582 S.
1137 2521 1204 2582 Por·

250 2601 357 2679 phyrii
379 2600 664 2679 Constantinopolim
687 2603 803 2663 reducis
826 2605 987 2666 instituisse
1010 2603 1092 2662 cives
1113 2604 1203 2682 liuju-

257 2701 336 2747 mae.
360 2690 391 2743 et
411 2681 560 2745 Carenses
581 2681 764 2744 Christianos
778 2684 949 2750 solemnem·
965 2687 1202 2764 processionem.

256 2770 382 2826 testatur
409 2766 438 2823 in
464 2766 532 2844 ejus
554 2764 624 2824 Vita
645 2763 767 2826 Marcus
788 2766 948 2829 Diaconos.
973 2767 1064 2842 Apud
1087 2767 1207 2828 Latinos

256 2861 372 2906 morem
395 2844 507 2918 luisse,
531 2852 564 2908 nt
584 2844 691 2906 Clerici
714 2854 745 2908 et
766 2846 917 2927 Virgines,
941 2865 1020 2926 qnae
1042 2850 1204 2910 castitatem

256 2926 408 3003 professae
429 2936 525 2997 erant,
543 2927 690 3006 Episcopo
711 2929 740 2987 in
757 2927 920 2990 Ecclesiam
944 2931 1117 3008 procedenti
1139 2947 1204 2992 curn

255 3014 345 3070 cantu
368 3027 473 3071 omnes
493 3015 699 3079 secernerent,
715 3015 841 3071 testatur
856 3013 887 3071 in
898 3009 1032 3090 Epistola
1043 3031 1096 3073 sua
1117 3009 1205 3073 CClll

256 3089 287 3149 S.
312 3091 507 3167 Augustinus.
531 3089 640 3157 Certe,
665 3092 743 3166 quod
765 3093 892 3154 solemni
914 3111 983 3154 cunr
1007 3095 1205 3170 processione,

245 3189 329 3232 curu
350 3171 497 3234 Crucibus
527 3191 561 3233 ac
585 3172 682 3232 cereis
696 3179 785 3249 atque
810 3174 979 3236 Psalmodia
1004 3175 1115 3237 soleret
1140 3177 1204 3236 olins

256 3249 384 3320 Clerus,
407 3271 442 3313 ac
463 3255 591 3332 populns
613 3254 734 3313 obviam
748 3256 793 3315 ire
809 3255 1097 3336 Episcopo,multis
1110 3275 1204 3318 esern-

260 3332 318 3408 plis
337 3336 453 3394 ostandi
485 3341 593 3413 posset.
612 3335 740 3414 -Prauer
767 3335 847 3397 iaces
878 3355 913 3398 ac
934 3338 1072 3407 Cruces,
1095 3339 1205 3399 adhibi·

257 3415 433 3475 tumeliam
456 3416 545 3477 luisse
567 3417 596 3475 in
618 3412 837 3495 Episcoporum
860 3421 992 3482 adventu
1014 3421 1115 3482 thuris
1130 3419 1203 3482 sulli-

257 3500 343 3562 tum,
367 3494 454 3558 docet
486 3515 539 3558 nos
568 3495 703 3575 Epistola
726 3499 756 3560 S.
780 3497 884 3578 Cyrilli
912 3499 1053 3581 Episcopi
1083 3503 1205 3565 Alexan-

259 3575 337 3635 drini
359 3578 395 3636 ad
418 3576 537 3639 Clerum
568 3585 600 3638 et
619 3581 762 3657 populum
789 3581 1038 3647 Alexandrinum.
1058 3577 1206 3662 Episcop‘ts
