2567 4042
478 201 683 275 entssdm·

114 334 239 411 hymnns
265 327 301 391 Tc
320 331 416 392 Dcam
437 328 611 393 Laudamus
641 335 859 397 decantaretur.
883 331 1054 395 solemnem
1118 376 1125 395 .

114 415 345 477 benedictionem
367 432 425 473 non
446 415 476 473 in
498 415 598 476 medio
618 417 720 477 altarIs
743 416 880 491 positus,
905 421 939 475 nt
966 432 1054 493 prae·

114 498 212 557 scribit
243 493 416 557 Pontificale
437 494 632 569 Romanurn,
662 499 714 563 sed
736 502 822 567 stans
848 496 876 555 in
900 496 1053 558 Cathcdra

112 578 276 656 Episcopali
299 596 392 638 novus
413 575 579 660 Episcopus
601 581 712 658 populo
738 579 838 639 dabat.
863 576 950 653 Apud
975 578 1055 640 Lati-

113 680 161 722 nos
180 662 304 739 propria
325 666 371 721 est
392 660 527 738 proiecto
548 662 689 723 solemnis
707 659 848 738 Episcopi
871 660 1052 733 benedictio,

112 761 181 819 qnae
212 744 272 804 sub
292 760 327 803 ea
356 744 524 820 concipitur
544 743 699 806 Iorrnula:
723 744 771 805 Sit
801 759 908 801 noman
930 742 1055 803 Donrc'm'

112 822 301 885 benedictam,
325 822 462 885 Meminit
494 828 605 903 quippo
633 826 713 885 illius
735 826 811 886 Inter
834 823 907 885 alios
940 825 1055 901 priscus

111 912 211 969 auctor
240 904 421 966 GuilIcImus
451 908 614 969 Durandus
639 908 708 968 Lib.
730 908 758 969 V
790 908 838 967 sni
859 902 1053 975 Rationalis,

115 988 184 1067 Cap.
207 984 286 1048 LIX
294 1008 304 1057 ;
326 987 377 1049 nbi
398 990 489 1049 ctiam
512 990 602 1052 tradit
623 988 805 1069 Episcopum
827 989 1064 1051 benedicentem.

112 1076 208 1131 tenere
231 1088 355 1130 manum
376 1088 461 1131 more
482 1071 583 1131 Aaron
605 1090 695 1148 snper
717 1070 859 1151 populum
882 1072 1051 1141 elevatam,

113 1158 140 1212 et
168 1152 308 1231 exemplo
339 1150 412 1214 lesu
442 1151 577 1224 Christi,
608 1155 661 1230 qui
693 1161 726 1215 ut
753 1154 884 1215 habetur
907 1152 1054 1213 Actorum

112 1232 209 1311 CapIte
225 1233 252 1302 1,
276 1251 455 1296 ascensurus
470 1236 643 1302 incastum,
659 1235 783 1297 elevatis
798 1235 948 1304 manibus,
965 1232 1052 1293 disci-

112 1315 184 1391 pulis
206 1317 270 1377 snis
297 1318 535 1378 benedictionem
556 1320 733 1395 impertivit.
758 1315 854 1378 Manu·
873 1317 944 1377 item
965 1315 1053 1393 plena

112 1397 203 1474 ipsum
224 1400 345 1477 signum
361 1400 466 1460 Crucis
488 1399 517 1459 in
533 1399 739 1461 benedictione
754 1397 979 1461 formari'solet.
997 1397 1055 1457 huc

112 1485 153 1541 est
181 1481 317 1558 quinque
339 1482 464 1559 digitis,
487 1482 524 1541 ad
546 1484 678 1558 quinque
705 1482 832 1543 vulnera
852 1479 924 1543 lesu
945 1477 1055 1540 Christi

112 1562 325 1638 significanda,
350 1566 393 1624 nti
426 1564 565 1623 observat
590 1564 759 1640 Stephanus
780 1562 908 1625 Duranti
935 1560 1002 1621 Lib.
1027 1557 1057 1619 II

113 1640 144 1701 dc
170 1644 280 1706 ritibus
302 1644 450 1705 Ecclesiae
474 1644 656 1707 Catholicae.
681 1646 790 1707 Tribus
828 1645 962 1705 nonnulli
983 1641 1056 1701 olim

113 1720 220 1787 Cruces
244 1727 343 1803 digitis
359 1728 576 1805 exprimebant,
593 1730 665 1804 quia
687 1726 997 1789 auctoralnnooentio
1013 1722 1057 1783 III

115 1804 176 1866 Lib.
205 1808 237 1869 Π
258 1808 470 1888 Mystcriorurn
491 1806 619 1879 Mona,
642 1808 716 1887 Cap.
739 1808 835 1880 XLV,
860 1810 917 1871 suh
938 1810 1058 1869 invoca·

118 1890 193 1951 tione
214 1890 370 1952 Trinitatis
391 1892 473 1968 ipsac
494 1890 608 1953 Cruces
628 1892 857 1969 effingebantur.

488 2089 615 2153 CAPUT
637 2090 676 2151 V,

161 2285 203 2330 DE
224 2284 332 2329 FORMA
356 2286 611 2332 DEGRADATIONIS
632 2288 674 2331 ΕΤ
695 2286 737 2329 DE
760 2284 1007 2331 annuebanlone
1050 2342 1053 2351 Δ

399 2369 438 2412 ΔΒ
460 2368 627 2413 onnlnlnus
650 2369 766 2413 saenis.
838 2369 841 2375 '

153 2538 177 2600 1.
200 2540 347 2615 Quamuis
379 2544 409 2603 in
438 2545 569 2621 antiquis
589 2542 814 2605 Pontificalibns
834 2544 931 2603 Libris
961 2543 1059 2603 torma
1145 2603 1148 2613 ,

116 2622 250 2688 stritus,
275 2626 456 2702 degradandi
478 2626 610 2688 Clerieos
631 2627 807 2687 crIminosos
828 2626 951 2687 minime
966 2618 1057 2687 ‘inve-
1123 2672 1124 2676 ,
1235 2644 1240 2652 ·

115 2702 221 2773 niatnr,
246 2711 438 2784 pervehatus
460 2713 505 2769 est
526 2709 550 2767 is
571 2707 764 2774 nihilominus
785 2709 871 2775 ritus,
888 2707 977 2787 cujus
997 2708 1058 2783 pri-

115 2784 151 2843 sci
183 2787 349 2865 scriptores
386 2795 417 2851 et
449 2794 587 2850 vetemm
614 2790 816 2851 Consiliorum
848 2794 916 2853 acta
949 2790 1059 2866 passim

116 2868 295 2931 mentionem
309 2870 433 2933 faciunt.
450 2869 537 2931 Hanc
552 2878 654 2933 autem
667 2872 910 2949 degradationem
925 2872 981 2932 sub
996 2888 1061 2931 eer-

116 2946 151 3007 tis
171 2950 281 3013 ritibus
301 2954 462 3031 verbisque
484 2958 637 3031 peractam
659 2953 773 3026 tuisse,
799 2953 918 3022 nullus,
942 2957 975 3015 ut
996 2953 1060 3030 opi·

117 3046 177 3100 nor,
200 3032 328 3096 dubitat.
352 3034 586 3112 Degradationes
606 3035 810 3104 clericorum,
835 3034 965 3095 maxime
987 3034 1059 3111 Epi-

117 3126 273 3189 scoporum
294 3135 329 3177 ac
343 3117 604 3196 Presbyterumm,
622 3136 676 3194 per
696 3118 877 3179 ablationem
898 3116 1059 3195 iusigniurn

118 3189 351 3259 SacerdotaIIum
385 3218 464 3277 qnae
490 3201 670 3276 praesertIm
699 3202 729 3260 In
749 3198 945 3260 Ordinationc
974 3216 1060 3259 acce·

118 3280 241 3351 perant,
256 3286 393 3357 peractas
415 3280 506 3343 inisse
528 3283 634 3360 probat
656 3283 686 3340 in
708 3282 813 3361 primis
834 3280 966 3343 Liberati
979 3280 1061 3361 *Ere-
1131 3309 1132 3313 ¹

119 3356 245 3421 uiarIum
265 3361 339 3442 Cap.
362 3361 497 3433 XXIII,
528 3364 580 3423 ubi
601 3362 729 3425 Paulum
751 3360 949 3426 Alexandriae
971 3362 1063 3424 Urbis

120 3435 295 3511 hntIstitem,
313 3464 368 3523 per
389 3446 570 3506 ablationem
583 3443 670 3505 Pallii
692 3446 863 3521 deposIIum
884 3452 997 3525 narrat.
1022 3441 1062 3518 Et

121 3514 250 3597 Synodus
272 3532 357 3588 sexta
378 3526 729 3598 Oecumenica,Aotione
751 3534 870 3600 ochra,
894 3526 1061 3589 Macarium

125 3597 338 3670 Antiochcnum
359 3609 631 3689 Archiepiscopum
662 3610 890 3673 monothelitam
923 3610 959 3669 dc
991 3607 1062 3669 sede

574 3719 578 3721 v
881 3702 895 3733 a
