2567 4042
409 151 675 225 *Silbffl

93 288 184 350 ctent‚
202 301 260 343 non
276 281 313 342 ad
325 282 439 343 termae
456 283 666 354 substantiam,
682 291 836 361 nequeunt
847 290 945 348 tamen
957 305 1058 365 prae

93 366 230 434 termitti,
256 357 310 425 nisi
326 370 431 444 urgeat
453 367 551 462 gravis
574 368 733 428 necessitas
756 385 791 429 ac
807 371 911 429 mortis
925 371 1044 448 pericu-

6 473 7 484 *
93 449 168 510 lum.
191 447 327 524 Longum
343 445 422 508 esset
434 467 543 517 varias
568 467 645 526 quae
661 447 753 508 olrm
746 469 775 508 m
792 468 847 510 nsn
862 458 968 521 erant
991 451 1044 510 ab·

6 545 8 580 i
93 530 270 592 solutionum
305 535 334 589 et
355 549 373 590 a
395 531 552 598 censuris,
576 535 605 592 ei
633 532 802 608 apeccatis
827 530 972 600 formulas
994 533 1044 594 hic

91 631 263 676 recensere.
287 610 362 674 Illud
379 605 464 689 plane
487 612 642 692 diligenter
665 613 753 673 hodie
776 615 814 674 ab
835 616 973 676 omnibus
988 613 1041 675 Sa·

6 707 9 762 t
92 697 236 756 crementi
257 693 462 756 Poenitentiae
484 697 627 756 ministris
650 696 868 779 observandum
884 704 939 770 est,
958 698 1020 758 ut
1012 717 1043 756 rn

91 778 160 856 ejus
182 777 437 838 administratione
460 780 581 838 minime
604 770 821 855 apraescripto
843 777 969 840 Romani
992 777 1044 837 lti-

6 873 10 912 t
91 862 191 931 tutelis,
210 880 226 919 a
248 860 340 920 Paulo
361 857 438 936 Papa
461 859 489 919 V
512 866 544 921 et
566 861 725 920 novissime
746 878 763 918 a
785 860 945 922 Benedicto
966 859 1051 922 XIV.

6 959 9 994 ἰ
92 943 222 1017 probati,
247 940 396 1001 recedant.
413 939 580 1004 Enarrandi
602 961 681 1002 nuno
702 947 773 1002 sunl
793 944 868 1004 ritus
889 945 918 1004 in
942 952 1043 1005 nostro

6 1043 8 1076 t
89 1022 203 1085 Rituali
227 1025 419 1101 praescripti,
444 1025 545 1101 quales
567 1031 635 1084 sunl
657 1025 785 1084 clevatio
807 1043 913 1086 manus
938 1027 1042 1088 dexte·

6 1123 9 1162 t·
91 1125 143 1168 rae
165 1106 341 1176 Sacerdotis,
366 1104 436 1164 du'rn
453 1106 534 1166 dicit:
559 1105 793 1185 Indulpentiom,
818 1108 1039 1182 absolutionem,

90 1196 122 1249 et
142 1189 315 1249 efformatio·
338 1188 411 1263 signi
440 1186 543 1249 Crucis
575 1207 667 1266 super
688 1188 838 1255 eundem,
874 1193 945 1250 dum
975 1204 1041 1268 post

90 1272 184 1349 ipsam
208 1270 426 1341 absolutionem
450 1289 466 1330 a
490 1272 619 1347 peccatis
651 1271 744 1331 dicit:
775 1270 813 1333 In
835 1270 961 1332 Nomine
982 1271 1041 1333 Po-

5 1373 9 1410 l
90 1355 147 1414 tris
162 1358 197 1429 εχ(
213 1360 270 1414 etc.
295 1352 362 1430 lpsa
385 1351 511 1412 elevatio
539 1371 645 1414 manus
672 1353 819 1414 inlocum
843 1355 1040 1432 impositionis

5 1455 7 1510 t
42 1503 46 1512 .
89 1453 194 1496 manus
215 1436 382 1496 introducta
404 1442 465 1504 est,
489 1453 565 1510 qnae
587 1435 708 1511 quidem
731 1453 768 1494 ex
791 1443 960 1512 pervetnsta
983 1436 1041 1499 Ec-

5 1539 8 1576 t
88 1518 196 1578 clasiae
219 1518 373 1594 disciplina
397 1517 435 1576 ab
457 1517 550 1595 ipsis,
575 1524 607 1576 ut
630 1514 783 1595 probabile
804 1523 865 1586 est,
891 1520 1040 1595 apostolis

5 1621 7 1658 t
89 1601 209 1669 tradita,
232 1618 322 1676 super
345 1601 544 1676 poenitentes,
568 1618 660 1677 quum
684 1599 963 1668 reconciliabantur,
987 1601 1040 1661 lie-

5 1703 7 1740 ς
89 1681 150 1742 bat.
174 1681 322 1758 Quidquid
345 1682 392 1748 sit,
416 1683 509 1742 ritum
533 1683 641 1760 ipsum,
666 1684 730 1742 sive
751 1683 911 1743 elevandae
934 1702 1040 1747 manus

5 1787 7 1822 t
88 1781 179 1841 super
196 1763 405 1840 poenitentem,
430 1766 465 1824 ut
478 1769 523 1824 est
544 1765 698 1841 disciplina
714 1765 873 1834 recentior,
898 1767 960 1825 sive
976 1785 1041 1826 ma-

5 1882 6 1890 ,
87 1863 143 1906 nus
166 1846 383 1924 imponendae,
408 1849 443 1905 nt
463 1851 529 1906 erat
550 1846 700 1922 antiquior
721 1847 894 1921 disciplina,
919 1851 1038 1910 tametsi

4 1937 6 1976 ὲ
86 1928 123 1988 ad
147 1927 329 1989 Sacramenti
353 1929 561 1989 necessitatem
583 1928 706 1987 minIme
728 1930 893 2004 pertineat,
918 1948 1039 1990 servan·

4 2049 5 2055 κ
86 2009 158 2070 dnm
178 2018 277 2070 tamen
293 2015 323 2071 et
338 2008 471 2071 Rituales
487 2010 599 2086 antiqui
613 2007 752 2080 Codices,
776 2017 806 2070 et
820 2009 930 2088 Synodi
947 2014 1039 2073 etiam

85 2091 198 2153 multae
213 2088 429 2172 praescribunt.
446 2089 529 2152 llaec
552 2109 657 2151 manus
678 2094 816 2156 elevatio,
831 2090 914 2169 juxta
929 2094 1040 2155 Barru-

84 2174 212 2236 Ialdium
233 2180 264 2235 et
284 2175 368 2244 alios,
385 2179 432 2235 est
452 2175 569 2252 signum
592 2175 953 2236 extrinsecunrvictoriae
969 2193 1039 2236 con-

84 2262 130 2317 tra
146 2264 314 2336 peccatum:
338 2257 424 2328 Quod
440 2274 512 2316 vero
534 2262 649 2332 spectat
669 2257 761 2319 alium
784 2258 885 2325 ritum,
910 2258 987 2317 sicut
1007 2261 1038 2318 in

84 2339 149 2400 aliis
173 2339 394 2412 Sacramentis,
423 2340 463 2397 ila
486 2340 546 2397 et
538 2357 566 2396 m
590 2339 645 2398 isto
667 2336 889 2406 Paenitentiae,
919 2340 1038 2433 signpm

83 2421 189 2484 Crucis
206 2439 296 2481 manu
318 2420 458 2492 eliormat
480 2419 639 2490 Sacerdos,
662 2420 700 2481 ad
715 2422 928 2498 designandum
951 2421 1039 2500 cuius

83 2505 194 2566 merito
217 2502 270 2562 liat
292 2507 483 2580 peccatorum
498 2503 647 2570 remissio,
671 2504 809 2574 videlicet
830 2500 942 2562 Christi
963 2501 1040 2564 Cru-

82 2586 174 2647 ciinri.
191 2584 270 2647 Nam
292 2592 323 2647 ct
337 2602 373 2646 ea
388 2585 588 2646 vetustissime
604 2592 651 2646 est
671 2569 823 2646 Ecclesiae
838 2585 1036 2680 consuetudo,

33 2734 38 2746 ¹
83 2671 224 2732 omnibus
246 2667 474 2737 Sacramentis,
504 2667 629 2743 aliisque
652 2668 786 2744 mysticis
807 2667 973 2727 actionibus
998 2667 1038 2726 si-

83 2770 174 2830 gnnm
197 2749 302 2812 Crucis
324 2749 479 2819 adbibere,
503 2749 757 2824 quemadmodum
779 2753 906 2809 testatur
929 2747 959 2808 S.
974 2748 1042 2810 Au·

83 2835 219 2911 gostinus
238 2829 380 2900 Troctoiu
398 2827 537 2894 CXVIII
552 2833 586 2890 t'n
606 2829 765 2892 Ioannem.
790 2829 882 2892 Porro
903 2832 1040 2906 quamvis

82 2916 238 2978 hominem
254 2915 497 2990 impoenitentem
520 2913 678 2974 absolvere
700 2915 869 2980 nonliceat,
892 2912 981 2972 debet
996 2919 1040 2972 ta·

83 3016 153 3058 men
176 2998 320 3060 Sacerdos
342 2998 366 3058 si
388 3012 477 3072 quem
502 2995 746 3072 impoenitentem
769 2997 886 3074 cogitur
907 3012 924 3053 a
947 3012 981 3054 se
995 2993 1041 3052 di-

70 3080 223 3150 mittere,
247 3078 422 3176 praesertim
444 3075 509 3136 aliis
530 3079 757 3152 praesentibus,
782 3078 876 3138 dictas
897 3081 1040 3136 externas

84 3163 299 3232 caeremonias,
323 3176 429 3221 manus
449 3158 564 3218 scilicet
585 3159 795 3236 impositionis,
819 3177 872 3220 seu
895 3158 1039 3219 clevatio-

84 3243 141 3310 nis,
165 3250 196 3306 et
217 3244 294 3323 signi
315 3241 420 3304 Crucis
442 3241 534 3300 etiam
556 3239 722 3312 adhibere,
746 3260 783 3302 ne
805 3242 914 3302 harum
937 3256 1040 3299 caere
1046 3293 1048 3298 .

85 3325 255 3388 moniarum
277 3325 398 3388 omissio
420 3322 458 3382 sit
478 3322 700 3398 impoenitentis
722 3325 813 3386 animi
834 3323 986 3400 proditio,
1010 3325 1042 3380 et

86 3412 209 3496 negatae
230 3402 426 3471 absolutionis
448 3403 600 3464 indicium.
624 3405 720 3482 ldqne
741 3407 900 3469 dicendum
922 3405 958 3465 de
981 3420 1036 3471 eo,

89 3485 176 3565 cujus
198 3485 370 3554 absolvendi
392 3491 582 3567 potestatem,
607 3489 646 3548 ob
662 3505 765 3552 casum
787 3490 920 3567 aliquem
942 3503 1042 3548 reser-

855 3584 869 3614 ⁸
