2567 4042
616 194 842 266 *9382*

260 342 394 405 eparam,
418 328 509 399 atque
530 323 568 383 ad
589 326 723 400 ipsorum
746 286 940 385 imitationem
962 320 1104 383 Ecclesia
1129 320 1220 382 Festa

260 424 314 466 sua
337 404 512 480 aVesperis
523 406 651 484 vigiliae
673 406 791 483 incipit;
811 412 905 482 atque
926 423 962 464 ea
978 405 1055 464 ratio
1079 410 1142 473 est,
1168 422 1221 464 cur

257 488 419 547 solemnius
440 494 630 566 peraguntur.
647 488 850 564 Vesperarum
872 486 1042 561 Capitulum
1067 488 1109 546 ab
1125 486 1221 545 Ama·

257 570 333 630 lario
345 566 443 629 Lectio
456 588 475 628 a
490 568 613 630 Pastore
621 573 743 648 prolata
765 571 889 639 dicitur3
908 568 1104 644 praepositus
1119 570 1219 638 eninr,

257 653 320 713 sive
342 652 496 711 celebrans
518 652 590 711 illud
613 653 781 720 recitabat,
805 657 835 712 et
856 652 922 710 ideo
943 647 1018 709 Jube
1041 668 1103 709 non
1127 668 1217 727 prae-

257 734 346 795 cedit.
371 731 449 793 Olim
474 733 708 794 benedictionem
733 739 800 811 post
821 734 969 808 Vesperas
994 733 1219 810 impertieban-

258 823 309 877 tur
331 812 467 893 Episcopi
485 836 497 874 ε.
516 818 612 877 solent
632 816 723 877 etiarn
756 816 792 875 nd
814 816 891 875 banc
920 815 998 875 diem
1028 814 1218 875 benedictio·

257 916 325 959 nem
349 904 415 972 post
436 896 552 957 Laudes
573 903 604 958 et
626 904 694 975 post
716 896 880 976 vesperas,
904 914 974 956 curn
996 914 1059 956 reru
1080 896 1217 955 divinam

257 980 381 1044 iaciunt,
406 979 565 1055 impertiri,
589 980 679 1056 idque
702 998 718 1038 a
740 977 872 1039 Concilio
889 978 1051 1055 Agatbensi
1074 976 1155 1037 Can.
1182 976 1218 1037 30

257 1061 431 1120 mandatum
460 1068 530 1121 est:
561 1059 644 1121 Plebs
667 1063 787 1122 collecta
816 1058 961 1119 Oratiom
985 1060 1025 1119 od
1056 1060 1218 1138 Vesperom

257 1144 293 1203 ab
310 1141 452 1223 Episcopo
469 1163 536 1203 eum
551 1142 747 1203 benedictione
762 1142 942 1203 dimittatur.
955 1141 989 1200 ln
1003 1140 1076 1201 Vita
1089 1142 1123 1200 S.
1145 1142 1216 1201 Cae·

257 1225 327 1284 sarii
350 1226 533 1284 Arelatensis
556 1224 622 1284 Lib.
648 1224 675 1285 ll
698 1226 850 1303 legimus,
874 1224 1215 1301 cambenedictionem

260 1306 417 1383 elargitum
441 1306 532 1367 fuisso
553 1306 590 1365 ud
602 1306 805 1384 Vesperarum
822 1306 924 1365 linem:
942 1324 1008 1365 cum
1024 1307 1148 1383 expleto
1161 1303 1216 1365 lu·

258 1389 394 1447 carnario
416 1388 646 1449 benedictionem
665 1390 776 1469 populo
799 1387 931 1448 dedisset.
949 1386 1045 1447 Vetus
1063 1388 1215 1466 Vespera·

256 1488 326 1529 rum
349 1468 489 1549 Hymnus
511 1470 589 1547 apud
612 1470 643 1531 S.
657 1471 850 1540 Caesarium3
874 1470 1006 1545 aliosque
1028 1475 1119 1539 erat,
1146 1468 1215 1529 Jum

256 1560 302 1691 pier
323 1553 475 1631 quaternis
491 1570 568 1629 quae
590 1554 683 1614 verba
698 1552 907 1614 duodecimam
923 1551 980 1611 diei
996 1550 1107 1612 horam
1125 1553 1214 1631 signi-

278 1640 357 1696 cant.

297 1714 351 1775 tu.
365 1713 504 1791 Quinque
516 1713 624 1775 Psalmi
636 1719 688 1792 qui
704 1721 861 1776 cantantur
873 1715 901 1773 in
912 1713 1066 1791 Vesperis,
1076 1715 1214 1791 quinque

256 1798 381 1857 vulnera
395 1795 504 1856 Christi
518 1798 674 1858 recolenda
690 1803 822 1863 monent,
843 1794 966 1858 Gemma
981 1795 1045 1855 Lib.
1059 1794 1088 1855 ll
1101 1792 1211 1871 Capi.

256 1876 345 1945 Item,
360 1878 428 1954 quia
445 1881 530 1938 sicuti
547 1880 678 1957 quinque
690 1880 825 1940 sensibus
836 1880 1007 1955 quotidiano
1022 1877 1139 1939 ellectu
1151 1884 1213 1937 ten-

255 1960 355 2021 dimus
375 1961 412 2019 ad
428 1962 577 2026 tenebras,
602 1964 643 2022 ita
666 1979 787 2023 necesse
802 1966 858 2030 est,
883 1965 916 2021 ut
936 1959 1019 2019 initio
1035 1962 1138 2020 noctis
1162 1977 1212 2035 pro

255 2044 298 2102 eis
325 2044 442 2101 veniam
473 2060 643 2117 precemur.
675 2043 845 2103 Amalarius
876 2041 942 2102 Lib.
967 2040 1009 2103 lv
1034 2040 1069 2101 dc
1100 2038 1213 2123 Officiis

254 2123 326 2203 Cap.
350 2124 381 2184 t.
404 2123 560 2184 Canticum
582 2124 758 2207 Mapnifieat
787 2128 924 2184 cantatur
953 2124 982 2181 in
1005 2121 1152 2201 Vesperis
1177 2122 1212 2180 ob

254 2211 363 2267 multas
386 2223 501 2265 causas.
525 2205 624 2267 Primo
648 2207 797 2284 vesperae
826 2212 895 2265 sunt
916 2206 1076 2265 nobiliores
1100 2204 1212 2264 Laudi-

255 2290 332 2359 bus,
357 2294 387 2348 et
408 2287 632 2364 Completori03
657 2290 714 2349 illis
742 2289 809 2349 ideo
831 2288 957 2348 debetur
979 2286 1137 2347 Canticum
1161 2304 1211 2343 no

254 2370 354 2431 bilius.
378 2369 514 2430 Secundo
541 2371 612 2446 quia
639 2372 695 2431 sub
724 2370 890 2448 Vesperam
912 2368 1090 2428 Beatissima
1115 2367 1210 2443 Virgo

255 2453 394 2529 pervenit
415 2452 443 2509 in
465 2452 588 2511 domurn
611 2451 777 2522 Elisabeth,
801 2468 890 2527 quam
913 2452 1064 2516 salutavit,
1088 2455 1121 2511 et
1137 2449 1210 2511 Can-

255 2535 349 2593 ticum
372 2535 470 2593 statim
493 2534 551 2593 boc
573 2536 765 2611 composuit,
791 2532 956 2593 Benzonius
978 2534 1007 2592 in
1030 2530 1210 2610 Mapnipicat

254 2614 321 2675 Lib.
339 2615 353 2674 l
374 2612 446 2693 Cap.
465 2614 516 2674 20.
535 2613 637 2676 Tertio
659 2634 696 2676 ex
711 2615 864 2675 Amalario
885 2613 951 2675 Lib.
969 2612 1011 2673 lV
1035 2612 1070 2672 do
1097 2610 1208 2695 Officiis

253 2695 365 2774 Cap'l
387 2701 421 2756 ut
436 2699 586 2773 castigatis
607 2699 744 2758 sensibus
766 2716 819 2774 per
841 2697 972 2773 quinque
994 2694 1141 2761 Psalmos,
1158 2712 1207 2753 ca-

255 2780 400 2857 stigentur
422 2778 614 2855 cogitationes
635 2781 732 2839 cordis
754 2782 947 2839 tumescentis
969 2796 1036 2837 curn
1054 2776 1208 2837 bumilita-

254 2866 298 2927 te,
323 2859 360 2921 de
381 2878 440 2936 qua
463 2862 493 2919 in
508 2859 629 2920 Cantica
651 2861 686 2920 B.
706 2860 836 2938 Virginis
857 2862 965 2937 agitur.
988 2858 1103 2932 Quarto
1115 2859 1207 2917 Ama-

254 2941 347 3004 larius
369 2942 450 3003 addit
471 2942 508 3001 de
528 2942 641 3004 Ordine
663 2943 903 3019 Antiphonarum
926 2940 997 3019 Cap.
1016 2939 1035 2998 6
1056 2947 1090 3001 ut
1110 2939 1206 3000 Maria

253 3043 324 3085 cum
339 3042 394 3084 suo
410 3023 530 3084 Cantica
552 3024 721 3085 introducat
736 3024 873 3102 Virgines
895 3042 963 3083 cum
986 3024 1117 3099 quinque
1134 3020 1207 3081 lam·

254 3107 390 3183 pedibus,
414 3105 472 3165 boc
487 3111 532 3165 est
552 3106 676 3167 Psalmis
699 3107 829 3182 quinque
852 3110 1043 3183 praeparatas
1065 3103 1101 3161 ad
1117 3102 1202 3163 Clui-

254 3196 345 3250 stum.
368 3187 480 3261 Quinto
502 3204 539 3247 ex
555 3188 634 3248 Beda
651 3185 826 3269 Mapnificat
841 3194 978 3247 cantatur
993 3187 1028 3245 ad
1042 3186 1202 3261 Vesperas‚

255 3273 324 3348 quia
339 3272 369 3330 in
385 3273 447 3346 ipsa
457 3268 589 3346 Vespera
605 3270 708 3331 mundi
724 3286 778 3329 suo
794 3288 914 3329 assensu
929 3266 1201 3344 BeatissimaVirgo

254 3353 357 3412 mundi
373 3352 522 3412 succurrit
538 3352 666 3427 perdito,
689 3354 797 3428 etipsa
819 3356 865 3413 est
874 3350 1008 3429 Vespera
1023 3351 1126 3409 stellae
1142 3349 1204 3411 Ma·

212 3431 219 3447 '
253 3435 307 3493 ris.
333 3432 467 3509 Denique
489 3451 558 3491 oum
581 3433 715 3511 Vespera
738 3434 817 3493 diem
839 3432 973 3502 claudit,
999 3431 1071 3494 lieo.
1096 3433 1137 3492 uti
1153 3434 1202 3492 ob·

254 3519 356 3574 servat
376 3513 469 3574 Divus
484 3512 663 3576 Ambrosius
684 3514 791 3591 Cap.2
812 3517 840 3575 ia
861 3513 920 3574 line
938 3514 1151 3577 Commentarii
1170 3516 1201 3573 iu

256 3593 453 3664 Malachiam,
477 3595 621 3657 debemus
636 3614 691 3674 per
706 3594 885 3657 Psalterium
901 3598 1018 3657 laudem
1040 3596 1151 3666 dicere,
1173 3602 1200 3655 et
