2567 4042
613 185 674 250 ω
694 173 835 246 utm-

252 306 419 384 toptizotus
440 313 490 374 ut,
512 303 717 386 sanctificatus
732 314 772 366 ast
788 313 842 366 ete.
857 303 1120 382 acheodulphus
1131 300 1200 364 Au·

253 386 429 449 relianensis
443 387 584 455 detines,
596 387 694 448 editus
707 407 725 448 a
736 387 894 450 sirmondo
908 386 945 448 de
956 386 1108 464 Baptismo
1122 384 1196 462 Cap.

254 468 305 529 17:
322 465 512 548 Presbyteria,
529 469 905 547 inquinamentorum,
922 470 983 530 aios
994 467 1199 546 praesentibus

248 547 431 631 Episcopo,
452 551 606 631 baptizore
626 551 705 616 licat.
728 550 813 626 Quae
834 550 955 630 quidem
977 548 1048 612 illud
1069 549 1198 610 suadere

253 633 403 704 videntur,
427 631 623 714 Presbyteros
645 633 787 694 nimirum
808 638 877 710 post
897 629 1059 711 Episcopus
1081 632 1201 692 ordina-

253 715 315 775 rios
335 715 498 794 antiquitus
518 716 555 775 ad
570 714 754 794 Episcopum
777 717 856 776 enim
873 714 1039 791 baptizandi
1062 713 1198 774 ministo-

253 799 345 867 rium,
368 804 402 858 ut
422 796 533 857 dictum
556 797 692 876 superius
713 795 792 868 luit,
817 797 950 873 primum
970 795 1141 872 spectabat,
1167 802 1198 856 ct

254 879 390 939 nonnisi
416 878 453 938 de
480 878 549 958 ejus
576 879 724 958 permissu
751 880 788 940 ad
810 877 1032 958 Presbyterum.
1057 873 1198 936 Diaconis

254 977 327 1020 roro
340 960 532 1021 commissum
554 959 711 1038 aliquando
727 959 889 1039 brptizandi
911 978 1030 1028 munus,
1047 959 1152 1036 nequit
1167 959 1198 1018 in

254 1041 380 1103 dubium
401 1044 554 1104 revocari:
577 1042 749 1120 Philippum
769 1042 936 1105 Diaconum
957 1043 1120 1120 baptizasse
1134 1040 1199 1100 Eu-

203 1179 208 1186 .
254 1123 390 1184 nuebum
411 1123 542 1201 Reginae
565 1124 725 1200 detiopum
749 1129 864 1186 constat
884 1141 922 1186 ex
943 1123 1046 1202 Capite
1064 1120 1134 1182 Vlll
1156 1121 1199 1180 A·

249 1210 359 1272 ,oluum
369 1201 1198 1283 Apostolorum.InConciliollliberitanoCanLXXVll

253 1285 407 1358 Dracone,
431 1289 482 1365 qui
503 1289 701 1350 ecclesiastica
721 1285 926 1364 jurisdictione
955 1287 1107 1364 praeditus
1128 1291 1196 1351 est,

253 1368 400 1446 baptismi
415 1368 629 1432 administratio
651 1369 835 1430 conceditur.
852 1369 977 1448 insuper
988 1367 1127 1430 Diaconis
1147 1367 1198 1428 ba·

253 1451 383 1532 ptizandi
408 1452 606 1514 ministerium
634 1454 665 1512 in
689 1451 817 1514 Sabbalo
838 1451 946 1514 Sancto
967 1457 1091 1530 propter
1110 1447 1198 1512 Cate-

255 1532 474 1594 chumenorum
490 1535 712 1596 multitudinem
727 1534 919 1594 commissam
933 1532 1005 1594 olim
1019 1533 1122 1603 luisse,
1140 1549 1199 1592 non

253 1614 344 1694 pauci
365 1615 473 1675 eruditi
488 1615 667 1677 adnotarunt
687 1633 722 1676 ac
737 1616 914 1691 praesertim
928 1614 1141 1674 Thomassinus
1151 1613 1198 1673 De

253 1691 460 1760 Ecclesiastico
472 1696 629 1774 disciplina
636 1707 722 1776 part.
735 1695 749 1756 Ι
760 1696 825 1756 Lib.
839 1696 867 1758 ll
878 1695 1079 1775 CapXXlX.
1088 1694 1200 1770 Quem·

254 1777 414 1837 admodum
438 1779 526 1856 igitur
545 1781 575 1837 vi
593 1780 704 1840 ordinis
726 1779 891 1856 baptizandi
914 1779 1095 1840 ordinariam
1120 1783 1199 1854 pote·

254 1863 361 1920 statem
378 1861 531 1937 accipiunt
543 1860 731 1942 Presbyteri3
748 1863 788 1924 ita
803 1861 940 1924 eamdem
955 1877 996 1922 ex
1011 1861 1199 1940 delegatione

254 1941 367 2002 habent
387 1938 521 2003 Diaconi.

251 2085 255 2088 ,
295 2021 335 2083 V.
359 2023 399 2085 Et
418 2042 489 2086 sane
511 2043 628 2084 summa
650 2026 793 2103 Baptismi
815 2024 974 2086 necessitas
997 2023 1026 2084 id
1048 2025 1197 2100 postulat,

254 2109 289 2166 ut
301 2107 326 2165 si
348 2104 426 2181 quod
447 2106 606 2166 discrimen
626 2107 792 2178 immineat,
810 2123 827 2168 a
842 2106 1093 2183 quibuscumque,
1110 2107 1199 2168 dum·

253 2188 343 2248 modo
365 2187 543 2264 evangelicis
564 2188 665 2248 verbis
692 2189 864 2250 certioratur
886 2186 1015 2248 conlcrri
1038 2189 1141 2262 possit.
1164 2187 1197 2248 S.

253 2265 457 2346 Hieronymus
471 2270 594 2346 Diologo
615 2269 758 2332 aduersus
772 2265 1000 2350 Lucteriooos:
1023 2267 1057 2330 Si
1078 2271 1199 2330 necessi·

254 2359 302 2412 tos
323 2351 409 2428 cepit,
434 2351 549 2428 inquil,
574 2352 683 2410 seimus
705 2353 794 2415 etiam
815 2353 905 2414 licere
926 2351 1012 2412 laicis
1033 2350 1199 2428 baptizare.

195 2454 197 2457 ·
254 2430 400 2509 Insuper,
424 2432 504 2494 idem
526 2432 667 2492 evincunt
688 2433 855 2496 testimonia
877 2431 987 2494 Gelasii
1011 2431 1043 2491 iu
1065 2433 1202 2510 Epistola

255 2512 293 2573 ad
315 2510 478 2591 Episcopos
499 2511 647 2574 Lucaniae
665 2537 673 2586 ς
703 2520 734 2576 et
754 2513 861 2576 Isidori
882 2515 947 2576 Lib.
971 2513 1001 2576 11
1027 2513 1064 2574 de
1090 2511 1201 2598 Officiis

253 2591 467 2658 Ecclesiastico
488 2593 585 2672 Caput
598 2594 651 2654 ae.
668 2595 831 2658 Concilium
846 2615 965 2675 quoque
979 2595 1200 2658 Illiberitdnum

253 2673 327 2737 Can.
351 2674 391 2736 38
416 2676 563 2755 approbat
583 2676 768 2755 baptismum
796 2680 834 2739 ab
862 2678 984 2740 homine
1011 2674 1116 2749 fideli,
1145 2694 1201 2738 seu

254 2760 330 2823 laico
351 2759 380 2846 iu
395 2766 531 2820 extrema
551 2759 726 2821 necessitate
749 2759 863 2822 datum.
881 2758 946 2821 lam
969 2775 1057 2838 porro
1073 2759 1200 2820 feminas

253 2841 344 2902 etiam
367 2841 391 2900 si
413 2841 574 2903 necessitas
595 2845 714 2916 urgeat,
730 2841 918 2920 Baptismum
940 2840 1076 2902 conterre
1097 2858 1198 2920 posse,

254 2941 292 2986 ex
306 2921 392 2984 dictis
414 2941 467 3001 per
482 2939 514 2984 se
536 2926 640 3000 patet3
664 2924 769 2986 eadem
791 2926 899 3004 quippe
921 2923 1041 2986 illarum
1061 2940 1096 2983 ae
1112 2923 1200 2983 laico·

254 3023 323 3067 rum
344 3005 419 3066 ratio
441 3011 507 3066 est:
537 3020 592 3065 nec
612 3001 716 3068 Patres
737 3005 862 3068 laminas
883 3005 1064 3074 excludunt,
1089 3023 1159 3067 cum
1180 3023 1198 3064 a

254 3104 447 3168 quocumque
467 3086 652 3164 Baptismum
674 3088 746 3148 duxi
768 3105 853 3166 posse
875 3089 993 3150 docent,
1016 3083 1139 3148 Constat
1160 3103 1200 3146 ex

254 3166 385 3230 Concilio
407 3167 632 3246 Carthaginensi
654 3167 697 3230 lv
719 3171 766 3238 cui
788 3169 924 3232 interluit
944 3169 976 3229 S.
992 3167 1198 3248 Augustinus,

254 3245 327 3314 Cau.
353 3248 423 3310 too.
446 3247 568 3311 Constat
595 3267 634 3310 ex
656 3247 776 3312 Urbano
797 3250 827 3311 ΙΙ
848 3253 877 3312 in
899 3251 1033 3329 Epistola
1054 3251 1090 3312 ad
1113 3248 1199 3310 Vita·

253 3333 325 3397 lem.
349 3331 470 3394 Constat
496 3351 534 3394 ex
561 3332 692 3393 Decreto
714 3333 842 3412 Eugenii
863 3333 902 3396 In
929 3351 1021 3394 causo
1046 3332 1200 3394 necessita-

254 3413 304 3481 tis,
327 3414 434 3491 inquit,
458 3432 518 3476 oon
534 3414 629 3474 solum
647 3411 805 3484 Sacerdos„
816 3425 846 3478 'ct
860 3416 1019 3486 morosos,
1041 3413 1092 3475 sed
1108 3415 1200 3475 etiem

253 3493 350 3556 laicos
371 3505 397 3556 et
420 3496 530 3559 notter
543 3535 551 3552 .
566 3537 574 3553 .
590 3539 621 3557 ..
645 3495 799 3575 baptizare
816 3507 934 3576 potest,
962 3493 1118 3558 dummodo
1137 3492 1210 3574 [ον-Ι

252 3592 334 3641 mom
354 3587 452 3640 aocet
467 3573 625 3649 &cloden
642 3587 669 3639 ot
687 3579 787 3656 facero
808 3576 1038 3658 totondctqecd
1050 3577 1126 3656 [ασίε
1140 3573 1197 3637 Ec-
