2567 4042
466 220 528 283 ἢ
550 212 608 280 111
630 220 695 318 st·

483 418 610 481 CAPUT
631 420 673 482 V.

168 598 213 641 DE
234 596 467 642 summumne
488 600 529 643 ΕΤ
551 596 808 643 ΕΟΝὸΕΒΜΤΙΟΝΕ
832 596 988 641 vluulttttit

140 742 169 803 1.
192 743 354 821 Virginum
376 744 448 815 Dei,
468 745 531 803 sire
553 746 584 804 in
606 741 644 824 (1)
667 743 756 803 domo
778 751 917 820 paterna,
941 743 1057 802 sivein

78 825 255 886 'communi
270 824 423 885 domicilio
443 826 625 894 habitarent,
644 827 707 885 sive
729 826 921 885 monasticam
944 824 1057 900 proies·
1122 820 1125 825 ’

96 908 216 968 sionem
240 905 518 984 amplecterentur,
547 908 658 985 duplex
691 904 748 967 luit
774 904 968 966 consecratio.
993 902 1057 966 Una

95 1008 156 1068 per
185 989 308 1049 habitus
333 987 584 1049 immutationem·
602 988 842 1064 virginitatisque
870 986 1057 1063 propositum

96 1070 166 1131 Deo
187 1078 294 1147 sponte
316 1072 507 1147 promissum,
531 1074 625 1132 altera
649 1086 703 1145 per
724 1067 928 1147 pontificalem
952 1084 1057 1130 manus

96 1159 133 1215 et
154 1152 219 1212 veli
240 1152 463 1229 impositionem
486 1152 710 1227 solemnemque
724 1150 944 1228 Episcoporum
965 1146 1056 1211 bene*

96 1235 286 1297 dictionem
299 1230 470 1309 Utriusque
487 1234 718 1295 consecrationis
747 1234 884 1293 meminit
912 1229 1056 1294 Innocen-

98 1318 161 1378 tius
181 1316 263 1393 Papa
284 1314 350 1374 lin
372 1312 507 1392 Epistola
528 1314 569 1374 cd
586 1314 764 1399 Victricicm
786 1312 1058 1389 Rothomagensem

97 1396 298 1475 Episcopum.
315 1394 363 1455 Ad
378 1396 509 1471 primam
531 1414 623 1456 annos
636 1397 743 1455 aetatis
765 1396 915 1455 sexdecim
939 1400 991 1455 ant
1010 1392 1059 1457 'se-
1081 1430 1086 1441 ·

97 1480 285 1558 ptemdecim
308 1478 437 1553 requirit
461 1476 493 1537 S.
517 1472 643 1540 Basilius
666 1479 695 1536 in
717 1476 854 1557 Epistola
875 1473 915 1534 ad
937 1474 1059 1555 Ampli-

97 1562 233 1621 lecbicm
251 1560 326 1637 Cup.
347 1560 397 1617 18.
422 1557 526 1634 Neque
546 1564 649 1619 tamen
672 1560 745 1618 baec
768 1563 851 1618 aetas
873 1574 993 1632 semper
1007 1576 1059 1619 ex*

98 1643 291 1720 pectebatur.
308 1637 386 1700 Nam
400 1640 494 1701 Beata
510 1640 623 1707 Asella,
640 1644 715 1701 teste
731 1639 919 1718 Hieronymo
940 1638 970 1695 in
983 1637 1057 1718 Epi·

98 1725 178 1784 stola
200 1721 243 1781 cd
265 1720 467 1792 Marcellam,
492 1731 558 1800 post
579 1720 788 1780 duodecimum
810 1720 916 1781 aetatis
937 1721 1056 1797 inquit,

99 1823 222 1863 onnam
241 1801 428 1879 ctrptnicatts
450 1804 638 1883 propositum
665 1804 804 1879 amplexa
831 1806 876 1863 est
892 1842 908 1866 ‚,
930 1808 1059 1878 tuncque

98 1887 189 1947 unius
214 1885 342 1945 cellulae
363 1886 465 1949 clausa
485 1885 631 1962 angustiis
653 1885 806 1946 latitudine
828 1884 959 1963 paradisi
980 1884 1060 1945 irue-

99 1968 203 2029 batur.
229 1965 271 2026 At
291 1984 367 2027 vero
391 1966 520 2027 secunda
541 1967 727 2026 consecratio
756 1985 814 2027 non
836 1965 892 2023 nisi
915 1966 1059 2042 vigesimo

92 2049 207 2125 'quinto
229 2049 336 2123 aetatis
367 2066 444 2108 anno
464 2049 676 2124 peragebatur.
701 2046 780 2106 Audi
802 2046 966 2107 Concilium
987 2044 1056 2106 Car·

98 2131 279 2209 thaginense
300 2127 343 2189 ltl
368 2129 450 2190 Cam
466 2127 509 2188 lV
530 2126 653 2189 Placuit
681 2136 716 2187 ut
744 2136 813 2187 unte
840 2126 949 2203 cipitata·
971 2129 1059 2201 quic·

101 2230 159 2291 quc
181 2214 278 2270 uncos
298 2211 405 2271 aetatis
427 2209 558 2271 Discunt
576 2229 639 2269 non
658 2208 854 2277 ordinentur,
878 2226 931 2267 nec
957 2207 1057 2285 Virgi-

100 2310 153 2353 nes
182 2301 402 2353 consecrentur.
425 2291 494 2353 Hoc
521 2292 677 2351 decretum
703 2291 783 2366 quod
811 2292 883 2350 citat
909 2286 1058 2365 Egbertus

98 2373 305 2435 Eboracensis
324 2372 580 2450 Archiepiscopus
606 2370 817 2449 in‘Eoeccrptis
842 2370 918 2450 Cap.
943 2370 984 2430 91
1012 2387 1061 2430 re-

99 2457 226 2515 novarit
252 2453 419 2516 Concilium
446 2454 713 2515 Francoiordiense
741 2454 810 2512 anni
831 2451 892 2511 ret
919 2448 992 2527 Cap.
1017 2449 1058 2511 ts

98 2545 131 2598 et
144 2534 320 2597 Turonense
340 2537 372 2597 Π
394 2536 466 2597 Can.
483 2534 535 2595 28.
552 2534 690 2613 Plerique
712 2533 904 2595 nihilominus
926 2532 1060 2593 Canones

99 2624 223 2689 neunt,
246 2635 284 2678 ne
306 2618 493 2681 consecratio
515 2618 669 2693 praedicta
693 2616 849 2695 Virginum
870 2612 1061 2693 quadragesi·

101 2717 190 2761 mmn
212 2716 323 2759 annum
343 2700 525 2777 praecedat*

141 2778 185 2841 lt.
209 2780 297 2853 Quod
321 2800 398 2859 ergo
426 2786 542 2859 spectat
569 2780 717 2856 originem
745 2776 938 2839 consecrandi
960 2774 1061 2854 Virgi·
1137 2811 1140 2817 -

100 2880 168 2931 nes,
186 2868 259 2923 sunt
279 2864 330 2939 qui
351 2881 426 2925 eanr
440 2865 582 2940 repemnt
600 2880 618 2921 a
633 2864 818 2939 temporibus
834 2857 1057 2936 Apostolorum.

102 2942 219 3005 Munus
240 2944 340 3021 itaque
359 2942 598 3022 Episcoporum,
620 2961 679 3003 non
700 2962 773 3005 vero
794 2940 1057 3019 Presbyterorum,

100 3030 134 3085 et
156 3024 252 3089 multo
274 3027 373 3087 minus
398 3026 626 3087 Abbatissarum
647 3044 725 3094 esse,
749 3030 783 3085 ut
803 3021 975 3083 solemniter
990 3020 1061 3079 Vir·

101 3107 187 3185 gines
210 3115 432 3177 consecrarent,
453 3112 574 3184 praeter
596 3105 742 3173 Capones,
760 3102 858 3165 multa
881 3102 966 3163 nobis
988 3101 1061 3162 San·

102 3189 144 3250 eti
166 3185 284 3259 Patres,
308 3207 343 3249 ac
366 3190 416 3249 alii
438 3188 607 3265 Scriptores
627 3188 832 3252 Ecclesiastici
854 3184 1057 3263 suppeditant,

104 3270 216 3346 quibus
236 3271 376 3332 eadere
397 3269 567 3347 plenissime
589 3270 709 3331 edoceri
732 3269 799 3346 quis
814 3269 923 3344 potest.
936 3266 1059 3327 Sanctus

104 3350 287 3412 Ambrosius
307 3354 339 3412 in
360 3351 453 3411 Libro
474 3354 574 3429 primo
595 3370 687 3428 quem
719 3349 756 3410 de
783 3348 956 3426 Virginibus
987 3346 1061 3407 seri-

105 3434 191 3509 psit,
215 3433 346 3511 ingenue
368 3433 497 3504 latetur,
520 3435 557 3493 de
579 3432 827 3509 variis-,partibus
847 3429 986 3508 Virgines
1007 3445 1060 3487 suo

139 3599 178 3665 (1)
194 3567 324 3667 usone,
338 3602 378 3655 De
395 3601 518 3669 antiquis
529 3603 662 3655 &eutice
680 3600 787 3653 ritibus.
801 3598 915 3653 Liberti
933 3597 998 3659 Cap.
1011 3595 1057 3647 Vl.
