2567 4042
470 198 695 273 sensti&-

105 328 171 407 pite
197 324 452 388 XXV.·.Stetuct
479 346 571 407 opaca
591 348 612 389 o
632 329 769 401 match,
793 331 902 393 merito
924 325 1058 389 Ecclesia

105 426 220 488 agnum
243 410 393 470 benedicit
412 409 443 469 in
464 406 600 478 Pascha,
624 419 659 473 ut
678 412 782 474 fideles
803 412 840 472 de
862 412 912 472 illo
933 409 1060 471 mando·

22 534 25 537 -
106 496 180 555 nent
212 492 318 551 eodem
351 491 401 551 die
416 510 433 560 ;ν
447 492 567 569 qnando
588 496 727 563 scilicet,
751 496 875 571 impleto
896 497 1058 570 praecepto

106 572 311 636 Confessionis
330 578 363 640 et
382 570 621 643 Communionis,
638 577 837 639 innocentiam
861 581 930 637 sunl
944 574 1054 651 adepti;

106 662 201 733 atque
224 659 259 715 ut
280 656 492 732 praedestinati
515 657 669 732 adspirent
697 661 735 719 ad
757 662 911 719 aeternam
932 657 1058 736 gloriam

108 740 140 799 in
161 736 290 807 Pascha,
304 737 434 815 *quande
448 738 538 799 lesus
559 738 698 803 Christus
716 740 861 801 Dominus
876 738 1059 801 aeternitatis

107 820 196 881 nobis
220 821 334 879 aditum
350 819 586 883 devicta-morte
608 824 767 885 reseravit.
784 819 948 899 Antiqoum
960 818 1060 881 Eccle

107 903 174 962 siae
196 920 313 963 morem
334 902 529 965 benedicendi
551 922 661 982 agnum
684 907 713 965 in
735 902 891 971 Paschale,
909 908 942 965 ut
963 920 1001 965 ex
1022 918 1059 962 eo

107 982 220 1045 fideles
238 989 409 1056 vescantur,
432 979 625 1047 commendat
646 995 732 1049 vetus
753 986 843 1047 Missa
865 1004 903 1047 ex
925 985 982 1046 llis.
1001 982 1062 1045 Ra-

108 1066 187 1126 toldi
209 1066 334 1126 Abbatis
355 1065 546 1147 CorbeJ'ensis
568 1066 689 1139 Codice,
707 1069 746 1131 ab
766 1066 894 1145 Hugone
918 1066 1061 1129 hienardo

108 1148 192 1209 edi-ta
214 1148 245 1207 in
266 1148 328 1208 suis
348 1149 427 1209 notis
448 1150 484 1209 ad
507 1149 631 1211 Librum
653 1152 917 1213 sacramentorum
939 1149 969 1211 S.
987 1146 1063 1209 Gre-

109 1232 189 1307 gorii
211 1228 326 1307 Papae.
355 1228 446 1292 Extat
472 1233 501 1291 in
529 1232 653 1311 antiquo
682 1231 817 1293 Romano
838 1230 950 1293 Ordine
982 1228 1062 1309 apud

108 1310 299 1389 Hittocpium
322 1313 398 1373 ritus
408 1315 457 1374 -ad
472 1313 709 1379 benedicendum
725 1332 836 1393 agnum
859 1314 886 1374 in
902 1313 1061 1375 Paschate,

109 1394 301 1471 Quamquam
324 1412 397 1456 vero
419 1414 457 1458 ex
478 1397 571 1456 nostri
587 1397 716 1459 Ritualis
731 1395 857 1457 Romani
879 1396 1066 1473 praescripto,

14 1472 24 1494 ⁶
108 1477 283 1537 benedictio
304 1479 371 1553 agni
394 1483 425 1538 et
447 1477 582 1539 carnium
604 1482 634 1539 in
650 1478 796 1539 Paschate
812 1480 898 1539 unica
909 1477 1065 1539 dumtaxat

110 1558 493 1629 Oratione-contineatur,
517 1560 591 1624 duas
614 1568 715 1625 tamen
736 1562 868 1628 exhibet,
891 1558 1065 1635 etquidem

111 1642 254 1715 antiquas
276 1639 466 1703 sacerdotale
488 1642 602 1703 editum
624 1662 702 1705 anno
725 1644 837 1707 Christi
859 1637 1047 1702 lllIlLXVll.

115 1744 119 1751 *
155 1719 241 1783 Vlll.
265 1724 362 1784 Vetus
383 1729 430 1785 est
444 1724 617 1786 Benedictio
634 1726 783 1793 Thalami,
801 1730 832 1786 et
852 1724 985 1785 occurrit
999 1736 1066 1800 pas·

113 1806 175 1867 sim
197 1821 267 1865 carm
289 1806 380 1866 variis
403 1806 570 1882 precibus,
596 1808 781 1870 orationibus
814 1824 848 1866 ac
870 1803 1067 1867 caeremoniis

112 1890 146 1947 in
176 1888 308 1963 antiquis
329 1887 627 1950 Rituahhusilbns.
652 1888 783 1965 Tempus
812 1890 848 1949 ad
870 1890 948 1951 hanc
970 1888 1067 1947 Bene·

113 1969 279 2031 dictionem
301 1970 485 2043 destinatum
500 1988 566 2039 esse
588 1970 663 2031 solet
684 1970 757 2031 illud
779 1970 965 2051 ipsumque
988 1967 1067 2055 cele-

112 2053 244 2113 brantur
259 2048 401 2129 Nuptiae.
416 2050 554 2112 Thalami
565 2052 822 2119 benedictionem,
838 2070 915 2128 quae
930 2069 966 2111 ex
981 2066 1068 2129 prae-

113 2133 229 2209 scripto
258 2135 350 2193 nostri
372 2132 499 2194 Romani
521 2135 648 2195 Ritualis
671 2134 759 2195 unica
791 2137 907 2195 tantum
930 2138 960 2194 et
981 2130 1082 2211 brevi

115 2216 287 2277 continetur
309 2215 456 2288 oratione,
480 2216 629 2293 uniceque
651 2234 747 2293 aquae
770 2215 944 2277 benedictae
967 2228 1069 2291 asper·

115 2299 231 2365 sione,
254 2297 444 2357 consuevisse
467 2297 539 2359 olim
561 2315 579 2357 a
600 2297 768 2377 Majoribus
790 2294 1067 2357 nostriseelebrari

113 2396 178 2439 non
194 2378 282 2437 modo
304 2396 374 2439 cum
396 2381 487 2440 variis
502 2381 726 2457 aspersionibus
748 2396 843 2456 aquae
858 2378 1000 2444 lustralis,
1016 2374 1069 2437 sed

117 2462 212 2523 etiam
236 2460 437 2532 Psalmorum,
459 2479 607 2539 precum,
631 2463 803 2523 orationum
826 2459 1070 2530 recitationibus,

115 2543 204 2622 panis
225 2549 257 2603 et
277 2542 338 2603 vini
361 2542 643 2608 benedictionibus,
667 2549 698 2605 et
719 2543 785 2603 aliis
810 2543 1017 2605 caeremoniis.

123 2670 129 2675 .
160 2623 220 2691 lx,
236 2622 339 2697 Quum
360 2624 520 2701 multiplex
540 2626 580 2685 sit
601 2626 740 2688 ciborum
762 2641 865 2703 genus,
888 2622 1071 2703 longumque

118 2712 202 2769 esset
222 2707 260 2765 ad
280 2706 412 2787 singulos
435 2706 620 2782 peculiarem
641 2706 885 2767 benedictionem
908 2707 1070 2785 applicare,

116 2791 204 2851 recte
219 2788 380 2848 admodum
403 2789 589 2867 praescripta
609 2794 657 2849 est
678 2789 707 2847 in
729 2788 840 2851 Rituali
862 2786 997 2849 Romano
1017 2784 1073 2846 Bc·

117 2870 250 2932 nsdictio
273 2868 313 2929 ad
334 2868 535 2947 quodcumque
550 2870 738 2931 eomcstibilc.
749 2870 904 2947 Scriptura
925 2887 1014 2949 saepe
1028 2868 1073 2927 in·

117 2952 232 3017 culoat,
250 2957 281 3011 el
303 2952 392 3027 prisci
414 2950 518 3013 fideles
540 2952 569 3009 in
591 2970 650 3013 usu
665 2952 810 3017 habuere,
829 2957 946 3013 utente
961 2952 1071 3027 etpost

114 3036 224 3097 eibum
252 3034 365 3111 gratiae
388 3031 453 3093 Deo
484 3039 611 3109 agantur
629 3075 637 3100 ,
655 3033 749 3113 juxta
783 3033 854 3094 illud
875 3032 1010 3111 Apostoli
1037 3030 1071 3088 in

113 3114 258 3195 Epistola
280 3114 294 3175 l
322 3116 359 3175 ad
381 3113 574 3181 Corinthios,
598 3111 672 3191 Cap.
696 3114 739 3175 X.
768 3112 833 3175 Siue
856 3134 925 3195 erpo
946 3109 1075 3173 mande

115 3200 206 3268 eatis,
221 3200 282 3257 sinc
304 3197 415 3266 bibitis,
431 3197 491 3257 sice
511 3195 599 3256 aliud
620 3194 694 3275 quid
716 3197 828 3272 fecitis,
843 3198 945 3257 omnio
965 3198 999 3256 in
1014 3194 1073 3272 plo-

115 3281 203 3341 riam
225 3278 285 3339 Dci-
302 3279 403 3357 facite.
416 3275 464 3337 Ex
485 3277 542 3339 hac
557 3276 693 3355 Apostoli
708 3279 843 3340 doctrina
865 3277 973 3357 prodiit
986 3275 1074 3341 Chri·

116 3363 238 3425 stianus
252 3362 329 3423 ritus
349 3360 449 3421 omnia
465 3359 659 3422 benedicendi
675 3360 942 3437 quaecumque-ad
958 3360 1071 3427 cibum,

116 3449 155 3506 et
176 3448 281 3521 potum
299 3442 390 3513 ‚nnnc
411 3447 457 3504 est
477 3443 654 3502 alimentum
676 3440 802 3503 humani
825 3443 941 3521 generis
962 3440 1074 3502 assumi

120 3530 261 3603 possunt.
275 3523 362 3585 Panis
383 3524 554 3585 benedictio
575 3524 723 3603 originem
740 3524 833 3585 trahit
847 3543 864 3585 a
879 3522 998 3585 Christo
1013 3522 1072 3582 Do·

117 3606 215 3677 mino,
232 3622 330 3683 quem.
346 3623 406 3667 non
427 3624 487 3668 uno
509 3607 540 3666 in
562 3604 626 3667 loco
640 3602 840 3685 Evangeliurn
863 3604 951 3667 tradit
964 3619 1071 3684 panem
