2567 4042
475 221 700 295 *hilmitr-

109 356 173 433 piat
203 352 323 430 siquid
355 351 425 411 boni
447 354 626 418 seminatum
657 358 702 415 est
731 354 760 413 in
783 354 873 415 Horis
896 354 1062 423 Cenonicis.
1140 406 1146 417 .

9 449 11 500 l
108 438 265 499 Recitatur
287 440 388 495 eutem
410 436 439 493 in
454 432 560 494 Officio
582 435 662 497 clara
684 428 757 496 r'oce
781 440 808 496 in
831 440 967 517 precibus
989 446 1066 504 Lau·

8 549 12 587 3
110 521 207 586 dum,
230 522 262 578 et
283 516 513 593 vesperarum,
537 518 567 575 in
588 518 654 577 aliis
677 520 816 596 precibus
838 523 947 598 partim
971 542 1067 585 soere-

8 633 18 670 2
110 608 152 671 to,
177 600 287 677 pertim
309 600 476 658 olereroee
503 603 537 658 ut
558 602 696 660 omnibus
713 602 809 661 modis
831 606 976 665 orandum
1000 626 1065 668 esse

9 723 11 728 ,
110 684 209 745 Deum
234 682 445 763 intelligamus,
467 680 508 739 lle
524 683 707 756 praestantia
730 681 820 760 hujus
841 688 983 747 cretionis
1006 688 1066 747 Do·

11 802 17 826 ·.
112 765 240 826 minicae
263 764 385 839 legenda
408 769 479 821 sunt
500 780 547 831 ea,
571 782 649 840 quae
674 765 761 824 tredit
782 766 947 827 Cardinalls
969 769 1063 841 Bone,

9 894 19 922 ..
67 874 71 879 ·
111 848 150 908 de
171 845 284 906 Divina
299 841 480 911 Psetmodio,
504 863 632 905 necnon
656 864 759 907 ornnes
775 854 914 908 auctores
937 852 973 909 ab
988 852 1067 929 ipso-

112 933 176 990 met
198 927 328 1003 allegeti,
354 927 403 1002 qui
426 933 579 1000 exponunt
601 928 712 988 dictam
734 929 920 991 Orationem.

155 1009 194 1070 ll.
219 1009 393 1069 Orationem
409 1006 598 1068 Dominioam
621 1013 757 1086 seqnitur
780 1011 923 1073 Salutatio
945 1013 1066 1093 Angeli-

112 1110 160 1161 ca,
182 1090 298 1151 duebus
319 1095 455 1149 constans
479 1091 637 1166 partibus,
662 1093 749 1153 leirde
773 1098 804 1154 et
827 1094 978 1170 petitione.
1004 1098 1065 1157 Pri-

112 1192 163 1233 me
186 1190 254 1251 pars
275 1190 313 1231 ex
329 1172 482 1246 Scriptura
498 1170 589 1233 Sacra
611 1175 767 1252 desumpte
783 1183 837 1241 est,
862 1178 997 1254 duosque
1012 1179 1065 1239 he·

8 1303 15 1341 2
113 1258 165 1317 bet
187 1261 345 1322 auctores,
371 1254 517 1331 Angelum
541 1261 572 1316 et
594 1254 758 1316 Elisabeth.
785 1257 831 1317 Ab
854 1260 968 1335 Angelo
991 1266 1066 1320 tern-

113 1355 204 1415 quam
232 1337 416 1414 eprimerio
448 1342 571 1397 auctore
604 1338 766 1414 Angelicae
790 1338 981 1400 Selutetionis
1012 1360 1066 1401 no·

111 1438 182 1480 men
205 1421 310 1479 sortita
332 1424 387 1477 est.
423 1416 524 1478 Verba
547 1417 612 1496 ejus
646 1421 720 1479 baec
749 1426 838 1481 sunt:
872 1420 933 1482 Aoo
964 1424 1067 1500 pretia

106 1502 223 1583 plene,
248 1501 394 1559 Dominam
422 1508 539 1569 torem,
568 1501 719 1562 benedicto
753 1514 785 1562 tn
814 1506 848 1562 in
876 1506 1062 1565 mulieribus.

10 1577 17 1590 '
112 1584 160 1643 Ad
182 1599 274 1659 quarn
297 1583 506 1641 selutetionem
532 1586 683 1660 conceptis
706 1586 806 1644 verbis
828 1587 1066 1663 componendam
1125 1602 1126 1605 ’

8 1663 19 1741 η’
113 1666 203 1725 totius
218 1663 369 1723 Trinitatis
390 1664 519 1741 dignatio
534 1668 703 1731 intervenit,
728 1666 824 1727 Patris
841 1669 980 1728 nimirum
999 1670 1067 1729 mit·

113 1749 202 1807 tentis
217 1748 390 1816 auctoritas,
415 1746 512 1805 llivini
525 1748 618 1808 Verbi
640 1766 760 1807 carnem
784 1750 947 1810 humanam
964 1768 1067 1813 snsce-

85 1878 89 1883 .
112 1830 194 1905 pturi
209 1827 373 1902 Sapientia,
399 1834 429 1888 ot
440 1829 537 1889 Sancti
555 1829 683 1906 Spiritus
705 1830 860 1903 Virginem
884 1833 1067 1893 obumbren-

112 1911 152 1969 tis
167 1912 309 1987 operetio.
327 1910 449 1969 Addidit
471 1908 623 1971 Elisabeth
640 1912 720 1981 sola;
746 1914 790 1972 Et
812 1912 978 1973 benedictus
1000 1915 1069 1992 {rre-

114 2002 176 2052 etur
196 1994 309 2053 centris
331 1992 387 2052 toi.
424 1991 544 2052 Primae
567 2012 640 2053 vero
664 1994 734 2053 hnic
753 1996 827 2071 perti
860 1995 976 2073 adjecta
998 2000 1068 2056 sunt
1113 2000 1117 2007 “

114 2075 153 2135 ab
174 2072 309 2134 Ecclesia
342 2075 462 2133 nomine
484 2074 552 2135 lesn
586 2082 616 2135 et
637 2074 762 2136 Mariae.
788 2075 939 2135 Posterior
965 2083 1066 2137 autern

11 2212 15 2221 ,
114 2174 185 2235 pars
206 2157 248 2215 eie
270 2157 464 2234 exprimitur:
489 2156 598 2217 Sancto
612 2155 715 2217 Morio
730 2156 914 2227 MoterDoi,
939 2179 992 2219 ore
1009 2177 1068 2235 pro

114 2240 195 2298 nobie
213 2238 421 2317 peccatoribus
435 2256 515 2296 none
531 2250 556 2299 et
577 2240 611 2297 in
625 2239 701 2297 hore
716 2241 822 2299 mortis
837 2250 965 2299 costroe.
979 2239 1067 2312 Quod

8 2379 15 2420 ἱ
114 2320 353 2382 additamentum
376 2320 405 2377 in
433 2336 539 2395 magna
561 2320 681 2399 Synodo
705 2319 856 2397 Ephesiae
889 2320 1066 2383 Selntetioni

114 2403 277 2480 Argolicae
299 2402 411 2461 lectum
428 2400 519 2461 luisse
542 2402 724 2463 contendunt
739 2402 895 2472 Berenice,
920 2404 1065 2463 otilone.

8 2467 13 2584 ἑ
114 2485 173 2546 Sed
194 2485 331 2562 quemvis
352 2488 469 2543 eertum
485 2484 533 2549 sit,
556 2485 638 2559 quod
659 2485 689 2543 in
706 2485 855 2560 praedicte
878 2491 1089 2547 sacrosancte
1205 2478 1207 2482 ⁸

114 2567 266 2643 Ephesine
290 2565 409 2643 Synodo
430 2566 605 2627 Beatissime
637 2565 731 2643 Virgo
753 2565 849 2627 Maria
875 2584 948 2629 rere
970 2566 1068 2627 Meter

115 2649 172 2709 Ilei
194 2650 345 2720 declarata
367 2647 474 2715 luerit,
501 2647 581 2707 nulla
603 2649 674 2707 satis
697 2648 794 2708 valida
816 2650 978 2709 auctoritas
1001 2667 1072 2726 pro-

9 2774 11 2786 .
116 2730 186 2791 duci
206 2723 327 2809 potest,
351 2746 429 2805 quae
452 2728 550 2789 iaveat
572 2731 638 2808 piee
662 2730 790 2805 opinioni
813 2730 933 2791 Beronii
962 2736 993 2791 et
1014 2729 1072 2789 Bo·

118 2830 185 2873 uee.
218 2812 297 2886 Quin
324 2811 558 2871 additamentum
581 2812 693 2873 Sancto
716 2810 820 2871 Mario
847 2822 901 2873 eto.
931 2813 959 2870 in
989 2811 1072 2870 nulle

117 2911 244 2972 precum
266 2895 397 2955 formula
420 2898 489 2954 ante
510 2912 621 2953 annum
645 2891 836 2953 millesimum
869 2894 1071 2972 quingentesi-

116 2994 203 3036 mum
226 2982 367 3035 oetcvum
389 2977 552 3053 reperitur.
579 2974 711 3035 Subinde
734 2973 923 3037 Francisceni
951 2974 1073 3034 addide-

116 3062 212 3118 runt:
236 3057 278 3118 m
298 3058 332 3116 ie
354 3059 428 3117 hora
452 3060 558 3117 mortis
582 3068 726 3126 nostroe,
761 3064 792 3119 et
814 3058 844 3119 S.
869 3057 938 3117 Pius
960 3056 988 3115 V
1012 3056 1074 3116 hoc

9 3123 10 3160 i
116 3138 385 3200 Franciscanornm
409 3141 645 3200 additamentum
675 3140 797 3199 retineri
819 3140 915 3200 voluit
946 3140 974 3197 in
997 3137 1071 3199 Bre-

116 3222 216 3295 rierio⁶
226 3221 362 3283 Romano
383 3239 436 3283 sue
452 3219 630 3281 auctoritate
654 3222 816 3299 recognito.
840 3220 960 3281 Addere
981 3220 1072 3280 etiam

118 3304 212 3372 lubet,
237 3303 318 3381 qnod
335 3302 435 3363 nullus
457 3319 562 3365 eorum
587 3301 779 3377 scriptorum,
805 3304 856 3380 qui
879 3302 989 3362 horteti
1004 3306 1074 3361 sunt

117 3385 234 3447 Fideles
257 3385 294 3444 ed
318 3386 531 3460 persolvendas
553 3382 698 3460 quasdem
724 3386 785 3461 pies
810 3402 933 3463 preces,
964 3384 999 3443 de
1021 3381 1074 3443 Se·

118 3468 262 3527 iulatione
278 3466 422 3543 Angelioe
443 3468 540 3528 ullum
562 3466 691 3525 verbum
714 3468 921 3544 protulerunt3
945 3472 975 3525 et
997 3462 1074 3523 Con·

119 3548 188 3609 cilia
209 3567 306 3626 usque
328 3548 365 3609 ed
388 3548 545 3609 Saeculum
567 3546 614 3606 Xl
638 3564 692 3609 nec
715 3566 772 3607 non
797 3548 910 3616 Patres,
936 3545 1071 3625 Syrnboli

118 3635 236 3694 tantum
251 3637 282 3693 et
295 3629 446 3692 Orationis
460 3630 636 3691 Dominicee
658 3632 872 3703 merrrinerunh
898 3646 976 3707 quee
998 3626 1074 3688 fide·

892 3726 905 3754 ᾳ
