2567 4042
472 230 533 292 gesbi
553 209 622 279 273'
634 227 695 288 disse

105 347 208 407 clorio.
233 345 318 406 Idem
345 347 453 409 docent.
479 348 645 410 Concilium
672 348 890 426 Compediense
923 366 972 410 an.
996 347 1057 410 757

102 427 180 489 Can.
193 425 217 486 ’9
231 435 294 498 aet
314 426 486 492 Nicolaus'l
503 431 686 510 respondens
708 431 746 490 ud
768 433 901 492 consulta
915 431 1057 509 Bulgaro-

106 528 193 578 rum,
216 509 291 588 Cap.
317 509 388 571 lot.
644 553 646 557 s
702 529 720 576 ,·
883 513 884 516 ’

145 588 202 667 Vl.
225 591 315 652 Valet
347 612 467 671 quoque
495 595 666 671 Baptismus
690 595 881 673 praescripta
906 591 1058 656 Ecclesiae

105 672 203 734 lorma
224 675 267 734 ab·
283 674 443 736 haereticis
466 675 605 738 collatus
619 676 735 756 Magnis
757 677 864 746 animis
886 677 922 736 de
946 677 1002 737 hac
1022 687 1057 738 're

104 757 284 817 auctoribus
300 755 484 835 disputatum
499 765 554 819 esi.
582 757 701 820 Primus
716 760 851 820 omnium
873 759 1057 838 Agrippinas

102 833 355 916 Carthaginiensis
363 841 724 919 Episcopusbaptismum
738 841 776 900 ab
792 841 948 905 haereticis
962 843 1056 902 admi-

103 920 260 981 nistratum
282 921 400 981 inanem
416 924 533 984 censuit
554 925 583 982 in
599 921 719 1002 Synodo
735 923 952 1001 E-piscoporum
965 923 1057 986 Asiae

103 1006 135 1061 et
154 999 325 1073 Numidiae,
348 1004 397 1062 cui
421 1007 446 1064 is
469 1007 629 1081 praesedit,
653 1012 756 1066 coacta
778 1024 826 1066 an.
845 1004 995 1074 CCXVII,
1014 1008 1058 1068 uti

103 1082 251 1145 Barouius
266 1109 277 1154 ·,
299 1085 406 1165 Pagius
432 1088 541 1164 aliique
566 1093 683 1165 putant.
711 1087 869 1166 agrippini
888 1088 1056 1156 decessoris

101 1165 146 1224 sui
168 1169 302 1244 vestigiis
324 1169 428 1229 institit
445 1167 625 1247 Cyprianus,
650 1170 701 1248 qui
724 1169 866 1230 collatum
888 1171 926 1230 ab
948 1172 1055 1231 haere·
1095 1178 1098 1194 ⁴
1128 1224 1146 1240 ,.

103 1246 170 1307 ticis
194 1249 337 1325 baptisma
359 1251 528 1310 iterandum
544 1270 608 1314 esse
630 1252 770 1329 putavii3
795 1252 884 1328 idque
900 1259 1001 1313 ratum
1016 1250 1055 1312 le·

102 1329 144 1390 cit
172 1332 269 1401 ,tribus
291 1331 431 1394 Consiliis
453 1330 633 1410 Carthagine
655 1332 824 1392 celebratis.
848 1332 930 1394 ldem
954 1335 1054 1394 visum

104 1410 279 1473 Firmiliano
295 1412 460 1475 Caesareae
475 1415 504 1473 in
520 1414 963 1492 Cappadocia,Metropolitano,
982 1416 1056 1476 aliis·

100 1495 268 1570 quesrlsiae
284 1493 471 1557 Antistitibus
494 1497 523 1555 in
546 1505 651 1558 unum
663 1497 861 1574 congregatis.
878 1498 917 1558 At
932 1496 1056 1576 Cypria·

104 1593 141 1635 no
178 1577 303 1654 aliisque
330 1579 444 1639 obstitit
466 1577 634 1656 Stephanus
655 1578 694 1648 l,
728 1580 780 1654 qui
802 1578 989 1654 baptismum
1017 1579 1055 1640 ab

103 1657 259 1722 haereticis
281 1658 421 1720 collatum
437 1658 534 1719 lorma
556 1658 705 1741 aChristo
721 1660 854 1723 instituta
871 1662 970 1723 valere
986 1679 1054 1740 pro·

104 1739 261 1808 nuntiavit,
279 1752 307 1800 ct
327 1741 404 1803 nihil
425 1740 646 1809 innovandum,
657 1743 718 1802 nisi
731 1742 818 1820 'qood
835 1744 984 1804 traditum
1000 1753 1051 1813 ost,

100 1819 206 1880 edixit.
226 1820 372 1899 ¹Stephani
394 1824 514 1883 decreto
536 1825 680 1884 universa
702 1826 875 1902 conquievit
896 1824 1051 1894 Ecclesia,

99 1906 132 1961 et
152 1904 318 1978 secundum
349 1904 418 1984 ejus
443 1907 621 1980 sententiam
650 1907 680 1963 in
694 1907 839 1985 vplenario
861 1909 954 1967 totius
976 1907 1054 1967 orbis
1121 1951 1125 1959 ,

101 1984 233 2062 Concilio
258 1977 491 2048 controreisiam
514 1987 718 2064 diremptam,
750 1989 846 2063 inquit
867 1987 1054 2066 Augustinus

99 2063 202 2129 Lib.:l
224 2066 421 2149 cisBoprismo
442 2078 552 2129 contro
563 2068 734 2129 Donatistae
756 2067 829 2145 Cap.
843 2070 873 2128 7.
892 2068 958 2130 lam
977 2088 1051 2131 vero

99 2165 157 2206 non
170 2149 266 2226 longa
281 2151 480 2231 disputatione
501 2169 575 2228 opus
588 2156 644 2220 est,
662 2156 695 2210 ul
712 2156 935 2229 propugnatum
955 2151 1052 2213 aSte·

97 2229 196 2306 phano
216 2231 297 2310 Papa
319 2234 488 2294 institutum
510 2251 547 2293 ex
571 2232 736 2294 traditionis
760 2233 939 2308 apostolicae
962 2232 1051 2294 lonti-

97 2312 154 2373 bus
174 2312 354 2392 ‚produxisse
370 2315 621 2375 demonstremus.
639 2309 762 2378 Nullum
781 2316 809 2373 in
824 2315 987 2376 Occidente
1005 2333 1053 2375 ve·

95 2395 219 2470 stigium
241 2396 342 2461 iterati
357 2396 512 2474 Baptismi,
529 2404 743 2474 praeterquam
765 2398 795 2456 in
815 2397 927 2458 hirica.
953 2397 987 2457 Iu
1012 2394 1053 2456 0-

95 2475 197 2538 riente·
214 2481 341 2540 testatur
356 2477 504 2540 Eusebius
519 2477 597 2539 Hist.
616 2479 680 2539 Lib.
691 2476 748 2540 Vll
763 2477 834 2558 Cap.
851 2479 871 2538 2
893 2481 1048 2556 antiquam
1168 2536 1169 2540 ,

95 2560 341 2621 consuetudinem
362 2561 549 2629 invaluisse,
579 2563 663 2622 utin
686 2561 863 2637 recipiendis
887 2562 1051 2622 haereticis

95 2640 158 2713 sola
172 2660 321 2702 manuum
344 2643 494 2719 impositio
516 2661 585 2702 cum
600 2643 824 2721 precationibus
840 2644 1048 2704 adhiberetur.
1151 2697 1153 2700 .

94 2720 214 2795 Morem
226 2723 356 2802 Aegypti
372 2724 570 2802 perspicimus
586 2743 624 2785 ex
640 2723 817 2788 testimoniis
834 2722 969 2805 Dionysii
984 2723 1050 2786 hle-

94 2804 231 2864 xandrini
250 2807 343 2883 ¹apud
365 2807 531 2868 Eusebium
560 2807 589 2866 in
611 2807 718 2868 eodem
748 2805 824 2867 libro
847 2807 1047 2868 exstantibus.

93 2883 164 2947 lluc
187 2887 301 2948 accedit
321 2889 422 2949 Basilii
444 2889 661 2959 testimonium,
685 2888 736 2966 qui
759 2889 948 2966 Baptismum
965 2887 1050 2948 Mon-

94 2970 272 3028 tanislarum
293 2969 435 3050 Dionysio
450 2970 649 3030 Alexandrino
671 2970 831 3048 probatum
853 2972 1051 3032 luisse-asse-

92 3052 181 3121 verat
200 3049 273 3111 Can.
298 3049 323 3110 l.
347 3051 415 3129 Ipsa
436 3054 525 3114 etiam
556 3051 660 3113 Africa
682 3053 767 3113 testis
788 3054 874 3113 citari
896 3056 997 3130 potest
1020 3050 1050 3110 il·

93 3133 153 3193 lius
167 3133 344 3211 traditionis,
358 3153 450 3211 quam
464 3135 611 3196 acerrime
630 3135 826 3212 impugnavit.
843 3132 952 3209 Neque
968 3133 1049 3192 enim

93 3214 160 3275 hiri
186 3220 254 3275 ante
276 3213 430 3295 Agrippini
462 3218 583 3278 decreta
613 3217 795 3294 baptismum
824 3217 860 3276 ab
887 3215 1047 3278 haereticis

93 3296 198 3358 datum
221 3299 369 3358 iterabant
387 3318 401 3366 3⁴
422 3299 512 3376 idque
536 3299 616 3374 ipsos
638 3317 705 3360 esse
729 3296 881 3360 conlessos
903 3298 1048 3376 perspici·
1166 3345 1168 3354 ,

95 3386 145 3439 tur
167 3397 204 3438 ex
233 3379 281 3440 his
303 3378 468 3442 Firmi'liani
490 3381 616 3441 verbis:
644 3380 733 3456 Quod
761 3379 880 3460 quidem
906 3379 1049 3441 aduersus

96 3456 279 3537 Stephanum
300 3481 349 3523 oos
365 3461 460 3522 dicero
475 3461 548 3541 Afri
562 3467 699 3541 potestis,
716 3465 835 3542 cognita
853 3465 988 3529 acritate,
1003 3479 1049 3521 cr·

90 3559 193 3601 rorem
218 3561 267 3605 cos
288 3544 511 3606 consuetudinis
536 3545 702 3624 reiipotsc.
718 3543 785 3624 lpse
807 3543 899 3606 etiam
920 3541 1049 3622 Cypria-

92 3641 162 3693 nus,
179 3625 251 3685 dum
274 3627 315 3687 ait
328 3629 358 3687 in
374 3625 507 3704 Epistola
528 3627 761 3691 ad'lubaianum
784 3629 974 3689 rion'novam
991 3629 1045 3686 aui

238 3730 295 3783 l’ol.
316 3736 338 3784 1.
876 3731 910 3781 ls
