2567 4042
487 203 711 280 matteas·

125 352 197 396 vare
216 335 309 406 licet„
335 333 495 410 Apostolos
518 333 656 410 uirosque
686 334 874 410 apostolicos
896 335 1007 400 nonin
1027 352 1078 394 ae·

122 417 241 486 dibus,
264 416 314 476 sed
338 416 368 474 iu
389 413 469 479 Foro
492 417 696 492 praesertim,
720 421 752 475 et
773 416 801 474 in
824 413 928 492 plateis
951 415 1076 491 publicis

123 499 225 560 solitos
247 497 338 558 luisse
360 497 540 557 concionari:
557 503 711 569 crescente
725 514 799 556 vero
821 498 850 556 in
866 497 930 558 dics
952 504 1078 567 numero

123 579 344 656 discipulorum
367 577 479 638 Christi
499 579 632 650 Domini,
657 596 715 638 non
737 579 858 654 quidem
879 580 911 638 in
934 578 1078 640 Ecclesiis

55 712 60 719 .
122 669 180 730 Λειιιι
200 660 361 734 Oratoriis,
386 661 437 720 sed
460 661 488 720 io
513 659 791 736 principantibus,
815 652 853 720 ad
874 661 1000 737 eosqui
1020 661 1079 720 Ec·

128 745 235 804 clasiae
264 742 418 804 accenseri
440 743 625 818 cupiebant,
655 741 828 802 catecheses
856 742 975 805 habitae
997 746 1077 801 sunt.

127 823 194 884 Nou
209 825 308 885 omnia
323 830 423 885 tamen
435 821 596 902 Religionis
611 831 731 886 nostrae
743 826 901 901 mysteria,
914 842 969 884 nec
980 824 1079 900 ipsum

127 907 252 983 quidem
268 905 445 983 Symbolum
460 903 545 966 Fidei
568 907 627 966 illis
648 906 847 981 exponebant,
864 907 914 968 sed
933 906 1081 983 quaedam

127 989 323 1050 reservabant
345 989 392 1054 vel
415 988 496 1060 circa
518 987 607 1048 finem
630 987 768 1065 tyrocinii
792 1029 799 1054 ‚
824 991 870 1051 vel
894 993 961 1066 post
980 986 1082 1064 Bapti-

127 1085 239 1132 smam.
256 1068 379 1129 Nullum
401 1087 475 1130 vero
495 1069 724 1146 Sacramentum
747 1069 910 1130 studiosius
933 1067 1080 1138 celabant,

128 1169 220 1228 quam
242 1150 478 1212 Eucharistiam.
514 1154 516 1160 ’
805 1166 808 1170 ’
1025 1148 1028 1152 ’

170 1231 210 1293 ll.
234 1233 387 1295 Enarratis
409 1233 565 1308 hucusque
587 1239 619 1293 et
640 1231 831 1294 catechistae
853 1232 950 1294 officio
985 1237 1017 1292 et
1038 1231 1081 1290 lo·

124 1331 163 1374 co
192 1315 221 1374 in
243 1332 303 1390 quo
339 1312 404 1374 heri
426 1311 605 1374 Cateohese's
641 1314 802 1383 solebant,
827 1315 916 1379 tenio
943 1331 1021 1377 nunc
1041 1312 1079 1372 ad

126 1393 379 1464 Catochumenos‚
405 1396 523 1455 adultos
545 1395 659 1456 scilicet
681 1395 818 1456 homiues
839 1395 916 1465 illos,
940 1396 993 1472 qui
1011 1411 1084 1473 uon·

126 1477 198 1538 dum
227 1477 366 1553 baptizati
389 1473 502 1536 Fidem*
518 1475 721 1536 Christianam
750 1478 788 1541 ab
809 1474 961 1538 Ecclesiae
982 1477 1085 1537 Pasto-

128 1561 218 1622 mbas.
248 1559 296 1617 vel
318 1558 464 1618 ministris
487 1559 681 1618 docebantur.
707 1559 782 1619 Tres
804 1559 966 1621 inclass'es
987 1558 1084 1633 dispe·

129 1647 251 1702 scuntur
273 1637 490 1714 Catechumeni
503 1685 512 1710 ,
526 1635 677 1700 'nimirum
697 1642 730 1700 iu
752 1639 922 1708 ,dedicatos
947 1639 1087 1719 Genesio-

129 1733 233 1784 eleates
254 1721 313 1781 siae
337 1719 511 1791 Proctrett',
537 1731 564 1782 et
587 1721 789 1800 Competeotes
809 1722 868 1781 sice
890 1721 999 1781 Electi.
1024 1717 1087 1780 aitt-

130 1802 243 1874 dientes
264 1803 285 1861 ii
306 1801 508 1874 dicebantur,
533 1802 642 1879 quibus
670 1803 699 1863 in
722 1804 891 1865 Ecclesiam
913 1803 1029 1885 ingredi
1051 1802 1085 1861 li-

129 1887 217 1944 cebat
238 1884 273 1944 ad
297 1901 452 1944 sermones
474 1893 505 1946 et
526 1901 627 1945 sacras
643 1883 824 1962 Scripturas.
849 1902 926 1960 quae
948 1884 1085 1961 in'prinri

128 1966 244 2028 Missae
261 1970 346 2042 parte
370 1967 587 2036 recitabantur,
606 1967 778 2026 audiendas.
792 1965 907 2027 Verum
928 1965 1012 2026 linito
1026 1982 1086 2025 ser-

129 2065 219 2108 mone
241 2049 303 2107 sive
327 2047 463 2116 homilia,
486 2065 554 2108 cum
577 2047 706 2108 ethnicis
727 2048 765 2108 ah
785 2045 921 2107 Ecclesia
943 2045 1082 2115 abibant,

122 2129 280 2206 clamante
301 2127 454 2199 lliacono‚·
477 2149 521 2190 ne
536 2130 601 2206 quis
623 2128 825 2196 audientium,
842 2147 878 2186 ne
894 2129 961 2206 quie
982 2127 1085 2207 infide-

129 2211 218 2271 lium.
240 2209 468 2290 Geneslectentes
490 2214 550 2278 siae
572 2208 723 2270 Prostroti
743 2211 763 2268 ii
785 2217 882 2279 erant,
906 2210 956 2286 qui
979 2210 1008 2267 in
1030 2206 1086 2268 Ec·

105 2343 108 2348 .
130 2293 220 2354 clesia
245 2297 312 2368 post
334 2289 472 2368 Episcopi
502 2309 672 2353 sertuoucm
702 2293 914 2368 persistentes,
936 2307 1083 2368 manuum

130 2373 351 2451 impositionem
377 2391 446 2434 cum
463 2374 592 2452 propriis
614 2373 792 2450 quibusdam
809 2371 1083 2452 precationibus-in

129 2473 228 2534 genita
260 2455 409 2532 provoluti
439 2454 632 2529 recipiebant.
658 2454 790 2514 Tandem
813 2452 1005 2530 proximan
1027 2453 1083 2512 Ba-

129 2537 274 2614 ptismum
307 2535 453 2598 candidati
484 2536 687 2614 Competenles
717 2537 776 2595 eice
798 2533 898 2596 Electi
930 2551 1084 2611 nuncupa

129 2619 261 2678 bantur:
290 2617 490 2696 competentes
511 2617 604 2685 dicti,
629 2617 706 2692 quod
730 2617 767 2676 ab
789 2615 939 2695 Episcopo
961 2616 1082 2693 publice

129 2703 160 2759 in
173 2699 315 2762 Ecclesia
338 2698 491 2775 Baptisma
514 2699 688 2776 petiissent;
713 2696 810 2758 Eiecti
830 2715 920 2765 vero,
945 2699 1024 2776 quaed
1046 2697 1084 2757 ab

107 2779 112 2788 '
129 2781 288 2858 Episcopo,
306 2785 425 2858 peracta
440 2781 578 2856 ipsorum
591 2781 823 2855 examinatione,
839 2781 1033 2855 eligerentur,
1051 2785 1084 2840 ut

129 2860 283 2936 Baptisma
304 2862 441 2938 proxime
470 2860 578 2922 suturis
600 2861 707 2922 diebus
729 2860 812 2922 iestis
834 2864 1005 2939 reciperent
1027 2857 1081 2940 (ll.

133 2945 135 2952 '
171 2941 224 3003 lll.
246 2945 334 3017 iliius
356 2943 528 3002 instituendi
543 2939 787 3011 Cateohumenos
806 2944 886 3022 apud
909 2950 1029 3004 veteres
1050 2942 1079 3005 iu

130 3025 327 3101 impressione
356 3020 493 3088 vivificae
517 3022 625 3083 Crucis
647 3024 678 3082 in
714 3022 842 3085 frontem
873 3029 903 3087 et
932 3041 1079 3086 manuum

128 3107 317 3183 impositione
347 3123 416 3165 cum
454 3105 587 3166 oratioue
611 3107 787 3181 praesertim
811 3108 885 3166 situs
908 3112 985 3166 erat.
1025 3102 1081 3166 llis

129 3186 221 3248 additi
254 3194 322 3248 sunt
357 3187 542 3255 exorcismi,
574 3187 597 3245 i.
633 3196 663 3245 e.
698 3186 855 3248 insufflatio
883 3189 912 3245 in
946 3188 1079 3254 taciem,

125 3269 207 3344 sputi
230 3269 260 3328 in
283 3285 546 3343 decessoresque
569 3271 676 3336 tactus,
689 3263 821 3345 pectoris
842 3275 874 3328 et
892 3270 1081 3345 scapularum

130 3351 285 3420 inunctio,
310 3350 454 3426 quamvis
471 3349 525 3408 his‘
547 3349 575 3408 in
599 3349 690 3410 rebus
711 3349 838 3410 diversis
860 3351 892 3411 in
911 3351 1083 3426 regionibus

163 3548 199 3609 (lt
218 3549 282 3602 vido
300 3563 367 3616 opus
387 3557 504 3602 nostram
528 3548 570 3600 cui
590 3548 703 3600 titulus:
724 3520 928 3618 Antiquitatum
949 3549 1082 3614 christic-

128 3631 231 3668 ucrcna
251 3620 452 3674 institutiones.
472 3622 503 3670 v.
523 3621 533 3670 l
551 3615 611 3670 Lib.
630 3621 641 3669 l
660 3621 722 3687 Gap.
741 3622 809 3673 billi
826 3627 853 3670 et
869 3633 944 3685 seqq.
