2567 4042
493 184 720 258 smmi&-

131 322 290 394 praeterea
314 324 466 394 tamquam
489 319 688 396 praeconibus
708 317 794 378 verbi
816 316 871 377 Dei
890 360 898 388 ,
921 325 944 376 a'
960 313 1082 378 Clericis

130 417 227 477 aeque
248 418 282 459 ac
304 399 461 461 Monacbis
482 419 551 460 curn
572 401 664 462 sacris
679 399 913 476 Evangeliorum
929 397 1082 459 codicibus

130 482 271 553 occurri,
295 483 410 558 antiqui
432 485 524 542 moris
546 482 613 545 luit.
626 483 792 542 Enarratos
813 482 971 557 bucusque
993 485 1083 556 atque

130 564 206 624 alios
227 565 255 622 id
278 582 370 642 genus
392 565 478 631 ritus,
503 573 637 625 servatos
659 565 730 624 olim
754 564 930 642 praesertim
954 563 1006 622 ubi
1029 579 1081 622 no·
1108 573 1113 582 ·

129 664 187 705 rus
209 643 373 727 Episcopus
393 647 431 705 ad
452 665 537 706 suam
560 645 725 708 Ecclesiam
750 647 974 722 recipiebatur,
996 643 1079 710 addi-

131 745 217 790 scere
239 730 365 790 licetex
387 729 478 789 variis
492 727 697 790 Ecclesiarum
713 729 889 790 Ritualibus.
911 724 1021 786 Extant
1039 726 1083 792 in·

130 829 257 871 numera
279 811 358 889 apud
379 811 603 872 Ecclesiasticus
624 811 791 888 Scriptores
820 809 980 885 exempla,
1006 825 1082 883 quae

26 960 34 970 ,
131 911 185 953 ιιοε
207 894 333 959 docent,
358 895 448 953 ritum
470 894 564 953 alium
586 893 764 954 occurrendi
786 891 951 970 Episcopis‚
976 907 1083 968 nempe

125 983 201 1034 >edm
225 975 402 1036 Sanctorum
424 974 580 1051 Reliquiis.
982 1033 986 1042 ,

171 1055 212 1117 11.
236 1057 367 1117 Maximo
389 1075 458 1117 curn
479 1057 595 1119 bonore
617 1057 735 1135 excepti
758 1073 877 1134 semper
892 1051 1083 1114 rueruntbe

130 1141 191 1219 gaii
214 1139 298 1200 Sedis
318 1138 520 1218 Apostolicac.
544 1140 654 1201 Cereos
687 1145 718 1201 et
744 1135 962 1210 Cruces'lerrq
978 1134 1083 1198 solitus

124 1226 201 1293 ‚erat
216 1219 319 1282 Clesus
334 1227 365 1282 et
378 1221 527 1298 populus:
547 1241 609 1299 quo
631 1222 760 1281 bonores
783 1218 996 1296 posterioribus
1017 1234 1083 1297 saer

131 1303 207 1363 culis
228 1321 246 1363 a
267 1304 357 1364 variis
379 1304 508 1380 Regibus
530 1304 681 1364 exbibitos
709 1303 800 1363 luisse
822 1295 1011 1377 Apostolicae
1032 1297 1085 1360 Se·

132 1385 180 1445 dis
201 1385 343 1463 Legatis,
367 1385 396 1444 in
429 1385 491 1444 suis
512 1386 678 1446 Annalibus
709 1391 829 1444 enarrat
859 1381 1025 1450 Berenice,
1055 1381 1085 1446 in

129 1486 297 1545 eorumque
318 1465 545 1530 Continuatione
566 1467 714 1529 Odericus
728 1465 900 1532 Ratnaldus,
924 1467 955 1524 et
976 1482 1013 1525 ex
1028 1461 1086 1522 eis-

132 1550 202 1610 dem
224 1550 396 1611 Lndoricus
408 1548 621 1614 Thomassinus
641 1551 672 1610 in
695 1566 747 1608 suu
769 1548 864 1610 reteri
887 1564 922 1606 ao
938 1564 1014 1606 nova
1029 1541 1083 1609 Ee.-

131 1632 242 1692 elesiae
270 1630 457 1709 Disciplina,
480 1629 569 1693 Parte
590 1631 615 1693 l.
639 1633 691 1692 lib.
715 1624 744 1692 11
765 1630 838 1707 Cap.
863 1626 971 1688 cxlx
1000 1643 1083 1688 uum.
1118 1643 1121 1648 ·
1198 1660 1202 1669 ·

122 1713 189 1775 lX.
214 1713 329 1774 Recens
343 1715 465 1774 minime
485 1719 530 1774 est
544 1716 713 1775 institutum
733 1714 763 1772 in
793 1711 918 1774 solemni
941 1708 1086 1788 receptio.-

133 1814 172 1856 ne
192 1791 428 1873 prcoporum
453 1814 505 1856 seu
529 1796 734 1876 Legatorum,
758 1812 847 1873 super
864 1811 972 1855 eorum
994 1793 1087 1867 caput

132 1877 364 1946 baldachinum,
387 1897 438 1937 sen
462 1877 598 1953 pallium,
623 1883 657 1938 ut
679 1874 772 1954 ajunt,
796 1877 957 1953 deportari,
980 1871 1085 1934 Raida·

133 1960 262 2029 obinusq
287 1978 340 2020 seu
372 1958 568 2030 baldelinus,
593 1961 712 2020 tametsi
745 1959 801 2019 alia
831 1956 977 2036 significet
1008 1951 1086 2032 apud
1157 1971 1159 1973 ·

132 2042 278 2107 mediae,
303 2046 334 2101 et
355 2039 475 2101 infimae
498 2040 665 2101 Latinitatis
693 2041 885 2118 Scriptores,
909 2039 958 2098 bic
986 2043 1086 2097 tamen

133 2143 190 2202 pro
221 2124 399 2183 umbraculo
431 2124 581 2192 sumitur,
606 2141 659 2184 seu
682 2123 836 2200 umbella,
860 2122 922 2180 sire
954 2135 1084 2196 mappa,

129 2207 183 2266 vel
205 2205 362 2282 mappula,
387 2223 464 2280 qnae
486 2204 598 2266 deterri
620 2223 711 2283 supra
734 2208 823 2279 caput
844 2199 984 2280 Episcopi
1017 2217 1087 2259 con·

132 2289 256 2354 suevit,
280 2288 350 2346 dum
374 2288 411 2346 ad
433 2287 528 2347 altare
549 2285 639 2347 Sacra
663 2285 795 2347 tacturus
818 2287 1006 2360 procederet,
1031 2297 1083 2340 seu

137 2367 306 2428 Stationem
330 2370 455 2440 iaceret;
478 2374 603 2445 eratque
624 2369 750 2428 diversis
771 2367 949 2444 imaginibus
971 2367 1086 2429 ornata,

132 2456 326 2526 quatuorque
348 2451 482 2513 baculis,
507 2467 558 2510 seu
582 2450 675 2510 bastis
707 2449 828 2518 innixa,
852 2467 942 2525 quam
965 2444 1086 2524 quidem
1125 2510 1128 2516 ,

133 2532 157 2590 ii
178 2533 228 2609 qni
257 2522 442 2601 deserebant,
457 2529 647 2610 Moppulorii
668 2531 853 2591 dicebantur.
870 2530 955 2606 Apud
973 2532 1086 2588 nostra·

134 2620 182 2674 tes
204 2615 414 2676 umbraculum
448 2614 525 2672 istud
548 2614 716 2692 appellatur
745 2612 834 2672 etiam
858 2609 1010 2677 Polliam,
1034 2627 1086 2670 eo·

135 2714 197 2772 que
220 2695 413 2773 Magistratus
435 2694 569 2755 locorum
601 2713 675 2772 quos
703 2695 849 2754 bonorare
874 2694 1015 2754 volebant
1038 2691 1083 2751 vi·

135 2795 189 2836 ros
210 2776 365 2837 sanctitate
387 2795 440 2837 sen
463 2775 605 2854 dignitate
628 2779 825 2852 conspicuos,
849 2775 919 2834 dnm
948 2774 1086 2834 civitates

137 2859 391 2938 ingrederentur,
415 2859 593 2918 laetantibus
615 2857 722 2918 animis
746 2857 897 2933 excepisse
913 2857 1019 2916 docent
1033 2872 1087 2916 nos

136 2958 197 3002 non
220 2959 316 3019 panca
338 2940 484 3018 exempla.
508 2939 663 3000 Praelatus
684 2940 731 2999 vel
752 2937 882 3013 Legatos
915 2937 970 2998 boc
998 2936 1088 2996 modo

135 3021 223 3098 ,iuxta
240 3029 374 3083 nostruin
390 3020 559 3081 Romanum
576 3018 747 3081 Pontificale
764 3021 916 3096 recipitur.
935 3017 1086 3078 Processio

139 3104 220 3166 enirn
243 3111 311 3164 ante
334 3102 414 3163 tores
429 3103 580 3163 Ecclesiae
597 3103 742 3168 ordinata,
755 3101 909 3178 Reliquiae
931 3100 977 3160 vel
991 3097 1082 3167 Crux,
1169 3149 1171 3158 ι

40 3239 47 3248 .
136 3193 169 3248 et
190 3187 343 3247 Praelatus
358 3184 522 3253 Ecclesiae,
540 3189 662 3261 paratus
677 3184 810 3262 pluviali,
829 3184 917 3242 mitra
933 3187 962 3242 et
977 3181 1084 3242 bacnlo
1143 3219 1145 3223 -

137 3269 290 3346 pastorali,
304 3285 372 3327 corn
388 3267 554 3345 majoribus
569 3266 663 3342 ipsius
678 3266 830 3326 Ecclesiae
845 3265 958 3342 paratis
973 3262 1089 3343 pluvia·

138 3353 216 3413 libus
232 3369 302 3413 eum
318 3353 487 3428 expectant.
501 3348 654 3408 Accedens
670 3365 742 3407 vero
758 3345 922 3416 Praelatus,
936 3347 982 3405 vel
999 3345 1089 3422 Lega-

140 3438 189 3494 lus
204 3432 399 3510 recipiendus,
417 3450 515 3510 genua
531 3428 624 3490 llectit
646 3431 748 3488 coram
762 3426 869 3498 Grues,
882 3428 928 3489 rel
944 3425 1089 3504 Reliquiis

139 3533 231 3592 super
242 3519 395 3593 tappetem
411 3519 561 3592 paratum,
576 3516 605 3572 et
620 3510 761 3580 Crucem,
773 3511 821 3574 rel
836 3509 988 3588 Reliquias
1002 3527 1090 3570 oscu-

141 3596 232 3658 latur.
249 3595 363 3657 Deinde
384 3596 490 3675 surgit,
507 3601 577 3655 tunc
599 3590 772 3665 Praelatus,
795 3592 861 3664 rel,
886 3610 922 3654 co
943 3591 1087 3662 absente,
