2567 4042
573 198 799 272 4140611·

210 326 252 386 tie
272 328 311 387 ud
327 327 483 389 Lectiones
504 330 709 409 intelligendas
733 330 925 395 necessario,
950 327 1081 403 postulet
1103 344 1178 387 cem

211 408 314 469 allec
335 411 386 486 qui
408 410 458 470 det
479 411 619 471 omnibus
640 410 810 484 affluenter,
833 416 864 471 et
887 416 920 471 ut
940 409 1077 489 ejusdem
1094 408 1178 468 Ora-

211 490 300 551 tionis
321 493 435 552 auxilio
450 492 589 570 proficiat
609 495 638 554 iu
657 495 740 555 uobis
756 499 898 554 renovata
918 508 972 568 per
987 491 1178 567 praeceden-

213 576 274 632 tem
296 590 419 654 versum
440 575 575 636 intentio.

253 652 294 713 ll.
308 654 466 717 Absolutio
478 656 721 734 quaoprolertur
733 658 771 717 ab
782 654 1036 723 Hebdomadariu
1048 661 1082 713 et
1092 672 1177 731 quae

212 737 348 812 sequitur
363 741 430 813 post
444 740 629 814 praedictam
645 738 818 799 Orationem
836 736 1022 798 Dominicem
1045 741 1092 796 est
1113 737 1178 795 ali'a

211 815 314 877 brevis
327 817 443 899 Oratio,
459 838 539 895 quae
561 839 616 897 pro
630 822 764 899 quolibet
776 818 929 891 Nocluruo
944 818 1128 879 describitur
1145 819 1177 877 iu

212 898 378 972 Brcvlario,
401 902 487 961 etita
506 904 627 969 dicitur,
646 905 786 963 nimirum
803 898 965 971 decolore,
985 902 1022 959 eb
1036 900 1178 959 absoluta

207 1000 308 1061 preco:
332 985 378 1044 vel
395 982 554 1045 dicendum
569 1003 639 1045 cum
655 984 803 1052 donanto,
822 983 971 1060 triplicem
995 982 1078 1041 illum
1094 980 1180 1041 Orn-

212 1064 336 1129 nouem,
361 1062 573 1125 Absolutioues
592 1069 762 1144 appellari,
783 1071 904 1142 sumptu
926 1063 1175 1125 denominatione

212 1162 230 1203 a
252 1146 415 1212 nobiliori,
439 1163 517 1222 quoe
542 1146 665 1209 dicitur'
682 1154 749 1225 post
771 1149 910 1209 recitatos
932 1146 1065 1205 Psalmos
1088 1146 1179 1206 tertii
1255 1144 1256 1187 ἱ

212 1224 369 1294 Nocturni,
395 1228 423 1285 in
438 1245 498 1304 qua
513 1231 705 1291 continentur
726 1248 762 1290 ea
784 1230 893 1289 verba:
913 1228 1083 1289 Acincclc's
1102 1246 1180 1307 pec-
1255 1224 1256 1229 ’

214 1318 354 1375 catorum
375 1320 545 1371 metrorum
565 1313 696 1373 absoluat
722 1328 773 1371 noc
798 1319 851 1371 etc.
883 1308 1038 1387 Rupertus
1061 1308 1133 1369 Lib»
1161 1309 1177 1374 1

190 1388 286 1468 ·Cep.
311 1389 339 1450 ll
360 1396 446 1467 putet
460 1392 696 1455 Absolutionem
716 1410 782 1453 esse
802 1392 977 1453 Orationem
1001 1408 1060 1468 que
1084 1404 1194 1467 rogen·

213 1490 283 1532 mus
306 1470 468 1533 Dominum
483 1475 601 1552 messis,
624 1482 659 1537 ut
681 1476 780 1535 mittet
800 1474 957 1553 operarios
978 1474 1008 1532 in
1024 1488 1175 1543 messem,
1255 1518 1256 1553 3

214 1560 246 1615 ct
263 1555 382 1632 operiet
402 1574 455 1615 cor
477 1561 614 1616 nostrum
637 1558 668 1616 io
689 1556 769 1633 Lege
790 1572 871 1627 sua²
895 1574 931 1616 ue
955 1572 1069 1623 semen,
1095 1554 1178 1616 idest
1255 1564 1256 1583 l

214 1638 341 1696 verbum
367 1634 429 1703 llei,
454 1640 535 1714 quod
555 1638 686 1699 audituri
709 1656 823 1705 sumus,
846 1637 904 1715 cut}
918 1638 1178 1717 volucrescome-

214 1718 297 1788 dant,
321 1724 373 1778 aut
387 1718 489 1793 spinae
511 1721 669 1791 suffocent,
692 1722 746 1781 eut
768 1721 796 1779 iu
819 1728 916 1797 petre,
938 1736 1016 1795 quae
1037 1734 1097 1775 non
1119 1718 1177 1778 ba-

215 1799 268 1861 bet
290 1800 460 1867 humorem,
483 1806 611 1865 arescet.
634 1800 723 1862 liuta
744 1808 879 1863 veterem
905 1801 1093 1877 disciplinam
1115 1799 1177 1859 Le-

214 1888 280 1942 ctor
302 1882 467 1942 destinatus
488 1884 525 1945 ad
548 1883 703 1961 legendam
725 1882 1105 1959 helionem-antequem
1128 1883 1178 1941 in-

215 1965 339 2040 ciperet,
362 1964 400 2023 ab
422 1963 539 2026 Abbute
555 1966 800 2027 benedictionem
821 1966 942 2043 petebat
964 1964 1064 2025 verbis
1087 1963 1175 2041 ipsis:

215 2044 346 2107 Bccocdc‘c
371 2043 472 2106 Potor.
496 2044 601 2108 Refert
621 2046 652 2107 S.
670 2046 836 2124 Gregorius
857 2046 1038 2107 Turonensis
1061 2042 1097 2102 dc
1113 2044 1178 2107 m-

216 2128 332 2188 roculc'r
357 2123 389 2185 S.
413 2126 558 2189 Martini.
582 2127 649 2189 Lib.
673 2127 715 2188 lll
743 2130 775 2191 S.
799 2128 993 2189 Ambrosium
1016 2128 1176 2188 Lectiones

218 2209 308 2286 incipi
330 2208 484 2277 noluisse,
509 2212 563 2271 nisi
585 2210 705 2271 Lectori
729 2212 813 2287 prius
835 2212 898 2289 ipse
920 2210 1037 2287 signum
1060 2208 1173 2269 daret:

220 2291 280 2354 Cui
300 2291 461 2362 celebronti
480 2295 526 2352 ito
553 2300 619 2352 crat
639 2290 839 2359 consuetudo,
862 2304 895 2353 ut
916 2296 1034 2353 ueniens
1055 2289 1173 2359 Lector,

215 2392 278 2433 non
298 2382 367 2432 unte
388 2373 484 2449 lcpcrc
500 2384 728 2450 praesumeret.
753 2391 844 2452 quom
866 2374 994 2434 Sanctus
1022 2374 1048 2431 ci
1064 2374 1175 2454 jussis-

216 2464 268 2515 tct.
297 2454 373 2516 Cum
402 2466 503 2514 autem
531 2456 580 2515 dic
603 2454 736 2534 quadam
761 2453 887 2515 Sanctus
907 2456 961 2516 icto
983 2455 1177 2515 obdormivis-

216 2546 285 2603 cet,
313 2547 340 2595 ct
362 2532 470 2595 Lector
490 2536 531 2595 ad
552 2536 709 2613 lcpcndum
727 2546 856 2617 puratos
875 2549 956 2606 essct,
976 2538 1100 2619 jubeat,
1124 2538 1173 2593 io·
1255 2578 1256 2583 η

216 2614 769 2777 dt‘ultmllldlblllllll
785 2619 1173 2775 lllldblbllll

216 2781 265 2841 his
287 2782 404 2841 vorbis:
422 2780 491 2841 Iube
505 2780 619 2842 Domnc
644 2782 822 2841 benedicere.
840 2781 926 2842 quta
948 2783 1094 2843 Rubricas
1116 2780 1172 2841 Le·

217 2870 284 2923 ctor
305 2865 406 2923 dicere
420 2864 528 2923 debet:
551 2862 623 2923 lube
638 2861 763 2931 Domnc,
782 2881 838 2921 non
855 2863 926 2922 lube
944 2864 1079 2930 Domine,
1103 2864 1175 2939 quin

218 2945 272 3005 bic·
290 2946 345 3005 Dei
369 2944 473 3004 titulus
494 2950 565 3010 est,
590 2946 640 3005 ille
662 2951 764 3006 autem
788 2945 918 3005 hominis
940 2946 1107 3021 praeclari3
1142 2948 1171 3003 ct

218 3029 299 3088 solus
321 3026 487 3105 Episcopus
509 3027 581 3086 dicit
602 3026 674 3087 Iobc
698 3028 823 3086 Domino
848 3026 1037 3095 benedicere,
1061 3030 1171 3087 elnon
1255 3046 1256 3083 1

218 3109 355 3178 Domoc,
386 3110 434 3168 cui
456 3108 592 3169 absolute
615 3108 809 3185 respondetur
832 3124 886 3185 per
908 3105 1041 3169 Chorum
1064 3106 1188 3167 Amen·
1255 3142 1256 3153 κ

217 3190 328 3250 Lector
347 3192 464 3249 etiamsi
485 3188 619 3250 Clericus
642 3191 691 3259 sit,
717 3207 773 3248 non
796 3188 991 3265 genuflexus,
1015 3191 1067 3251 sed
1092 3191 1171 3249 incli-

100 3326 112 3353 ,
219 3276 307 3333 nulus
322 3278 437 3332 tantum
459 3289 566 3332 versus
587 3270 796 3332 Celebrantem
810 3278 912 3333 manet
926 3272 1107 3348 proferendo
1123 3270 1170 3330 illa

219 3354 330 3414 verba:
354 3352 425 3413 chc
441 3352 555 3413 nomm
568 3352 750 3423 benedicere,
774 3357 805 3413 ot
816 3354 867 3431 'sie
883 3360 1064 3431 perseveret·
1079 3354 1177 3431 donec·
1255 3388 1256 3445 3

220 3435 258 3495 eb
280 3436 331 3495 illo
353 3442 448 3495 stante
471 3434 642 3512 proferetur
665 3429 844 3497 benedictio.
