2567 4042
506 161 649 233 *stiffi
672 170 731 230 tasso

141 289 319 352 Salobannis
330 291 493 367 Baptistae.
507 290 683 352 Dominicae
697 288 869 352 Nativitatis
880 290 1002 354 Festum
1015 293 1095 354 diem

139 373 292 452 Baptismo
315 370 494 434 conterendo
509 373 688 435 destinatum
705 372 796 436 tuisse
811 374 889 451 apud
901 377 1095 452 Angticanam

139 453 320 526 Ecclesiam,
339 456 420 516 testis
442 462 488 516 est
510 455 541 516 S.
555 454 720 533 Gregorius
736 455 877 533 Magnus,
895 458 948 533 qui
964 457 1098 532 Epistola

138 536 237 599 XXX
259 538 325 598 Lib.
352 535 410 598 Vll
435 556 471 599 eo
501 538 550 598 die
576 538 657 599 mitte
692 537 828 598 homiues
858 538 895 597 ab
927 537 1094 617 Anglorum

139 620 284 698 Apostolo
306 619 475 696 Augustino
496 621 660 697 haptizatos
683 618 776 680 luisse
790 626 903 680 narrat.
921 619 955 679 ln
969 619 1096 697 quibus·

141 701 210 762 dam
232 701 404 778 Hispanicis
425 701 568 762 Ecclesiis
596 707 792 762 accesserunt
822 703 915 763 etiam
942 699 1095 763 fastidies

140 782 354 862 Apostolorum
377 783 618 864 ecvttartyram,
644 787 720 844 teste
736 783 842 854 Siricio
859 782 938 860 Papa
964 782 1100 864 Epistola

141 865 182 926 od
202 864 387 927 Himeriom.
411 865 510 928 Vetus
533 865 689 944 disciplina
722 865 760 927 de
786 866 928 926 solemnis
948 865 1096 948 ‚Baptismi

140 954 278 1026 tempore
299 949 379 1025 apud
394 947 527 1011 Graecos
539 948 670 1014 deiecit,
687 949 740 1008 sed
757 963 816 1026 quo
841 954 977 1024 tempore
999 949 1097 1010 ineer-

140 1034 218 1091 tum.
245 1030 334 1109 Apud
356 1030 566 1092 Occidentates
592 1034 696 1091 autem
718 1029 887 1107 Baptismus
914 1028 1046 1106 parvulis
1068 1035 1099 1101 et

143 1112 256 1172 adultis
276 1116 360 1172 extra
382 1114 461 1174 ritae
492 1111 660 1190 periculum
690 1112 857 1173 constitutis
882 1112 970 1172 datus
996 1118 1043 1172 est
1065 1113 1095 1170 in

142 1192 299 1272 pervigilio
310 1193 466 1256 Paschatis
482 1199 512 1254 et
525 1193 719 1272 Pentecostes
734 1195 769 1255 ad
787 1194 900 1255 exitum
924 1211 1020 1272 usque
1035 1211 1099 1255 sae·

142 1275 204 1339 culi
223 1275 293 1342 Xl.
318 1277 362 1337 uti
376 1279 450 1340 scite
473 1275 895 1337 animadvertitConstantius.
914 1274 1051 1336 Rituates
1066 1293 1100 1335 o-

144 1375 230 1419 mnes
250 1357 333 1417 Libri
355 1360 475 1422 saeculo
493 1356 698 1420 XilletXlV
721 1358 845 1427 exarati,
870 1356 964 1417 altum
988 1357 1098 1420 deve·

143 1441 201 1501 teri
224 1438 275 1500 iilo
296 1459 382 1502 more
405 1441 558 1503 sitentium
581 1440 706 1502 iaciunt.

180 1520 236 1581 ΙΙΙ.
261 1521 372 1584 Primis
393 1521 556 1584 Ecclesiae
573 1523 759 1599 temporibus
789 1520 897 1598 quibos
926 1519 1006 1580 nulla
1032 1527 1097 1581 erat

140 1601 363 1668 Christianismi
384 1605 543 1683 profitendi
566 1604 699 1684 libertas,
713 1604 883 1681 Baptismus
904 1602 1010 1679 quovis
1032 1601 1098 1662 loco

144 1684 310 1748 celebratus
332 1692 387 1756 est,
412 1684 441 1748 in
464 1688 587 1766 stagnis,
612 1684 800 1757 fluminibus,
824 1683 1011 1752 carceriBus,
1034 1685 1095 1762 pri·

143 1769 221 1830 vatis
243 1769 501 1846 aedibusantris,
512 1769 720 1830 caemeteriis.
738 1765 872 1844 Apostoli
892 1766 992 1826 ubivis
1013 1763 1093 1826 toco'-

141 1868 210 1912 rum
233 1851 440 1928 baptizarunt:
465 1857 500 1912 ut
522 1852 578 1912 sub
600 1851 670 1918 dio,
688 1850 716 1908 in
739 1849 803 1920 via,
827 1850 857 1908 in
879 1847 1040 1918 domibus,
1064 1849 1095 1906 in

141 1950 275 1996 carcere.
299 1933 463 1995 Credentes
484 1935 513 1993 in
535 1931 712 1993 fluminibus
733 1935 766 1994 et
785 1930 896 2008 stagnis
918 1929 1092 2008 baptizatos,

142 2016 244 2092 prodit
264 2015 467 2076 Tertullianus
496 2013 532 2074 de
542 2013 698 2094 Baptistae
720 2012 792 2090 Cap.
818 2012 926 2090 primo.
944 2011 1095 2088 Martyres

141 2099 172 2156 in
194 2115 318 2159 carcere
340 2097 528 2175 Baptismum
550 2096 714 2174 accepisse,
740 2099 840 2155 narrat
861 2091 1009 2163 Eusebius
1023 2091 1090 2152 Lib.

141 2177 186 2238 vl
209 2176 367 2239 Historiae
389 2176 626 2247 Ecclesiasticus,
655 2173 757 2253 Capite
780 2177 891 2253 quinto.
916 2173 1044 2234 Clinicos
1062 2175 1095 2234 in
1177 2223 1178 2228 ,

140 2260 253 2322 lectulo
279 2259 418 2338 pertundi
442 2262 645 2327 consuevisse,
662 2264 810 2319 monstrat
830 2256 996 2335 Cyprianus
1019 2253 1093 2336 Epi·

139 2343 217 2402 stolo
237 2341 278 2400 od
300 2340 458 2419 Mopsum.
481 2343 592 2403 Multos
623 2343 653 2401 in
676 2338 1039 2400 memoriansuvacoris
1065 2338 1097 2396 in

141 2423 270 2483 Jordane
286 2424 430 2500 baptizari
447 2424 667 2500 concupivisse,
686 2428 811 2484 testatur
825 2420 1031 2498 Hieronymus
1046 2417 1095 2482 Li-

140 2503 249 2566 dro·de
270 2505 343 2566 locis
359 2503 525 2566 Hebraicis.
542 2505 680 2565 'Reddita
702 2509 804 2565 autem
827 2502 1017 2581 postmodum
1040 2519 1094 2579 per

140 2585 366 2652 Constantinum
388 2586 610 2664 Imperatorem
629 2585 784 2647 Ecclesiae
807 2601 905 2664 pace,
930 2589 1094 2660 coeperunt

142 2668 255 2748 passim
276 2669 410 2729 construi
433 2669 523 2730 aedes
545 2667 707 2746 publicae,
732 2668 768 2728 ad
792 2686 887 2737 unum
909 2666 1094 2742 baptismatis

142 2750 340 2816 ministerium
362 2749 532 2828 designatae
560 2767 638 2826 quae
661 2749 784 2826 quidem
807 2749 875 2809 toea
902 2748 939 2808 ad
961 2747 1094 2809 dandum

93 2867 108 2897 ι
141 2831 332 2907 Baptismum
354 2831 516 2900 destinata,
541 2831 618 2905 dicta
640 2837 709 2891 sunt
730 2830 928 2910 Baptisteric.
1013 2870 1022 2883 -.

181 2913 237 2975 lV.
257 2913 287 2974 A
303 2915 400 2991 prima
422 2931 518 2991 usque
533 2911 685 2974 Ecclesiae
707 2918 805 2974 *aetate
827 2929 884 2990 per
898 2910 994 2983 multa
1008 2927 1093 2987 pror-

27 3040 29 3043 ·
140 3014 193 3058 sus
213 2997 333 3070 saecuta
354 2995 540 3074 Baptismum
562 3012 617 3071 per
633 2995 856 3055 immersionem
880 2992 1092 3070 utplurimum

142 3077 287 3141 collatum
309 3077 420 3145 tuisse,
443 3084 581 3139 veterum
605 3077 775 3138 testimonia
797 3080 899 3156 aperte
921 3074 1038 3148 docent.
1059 3072 1092 3134 S.
1114 3083 1124 3104 ’

141 3158 273 3239 Cyrillus
284 3159 566 3238 lerosolymitanus‚
580 3155 737 3220 Catechesi
749 3156 951 3237 Mystagogica
962 3155 1093 3236 secunda

141 3242 180 3304 ad
201 3243 375 3321 baptizatos,
400 3241 451 3303 ubi
474 3240 634 3321 mysticam
657 3243 769 3302 rituum
784 3239 927 3318 Baptismi
951 3235 1093 3316 signitica-

141 3325 253 3391 tionem
274 3324 423 3402 exponit,
446 3325 488 3384 ait
520 3323 712 3402 baptizandos
745 3323 840 3400 primo
872 3325 935 3392 toto
967 3337 1093 3397 corpore

141 3407 274 3486 nudari,
298 3405 405 3468 deinde
437 3405 503 3466 oleo
525 3406 693 3468 exorcizato
721 3423 738 3466 a
764 3403 891 3466 summis
912 3400 1027 3480 capillis
1054 3400 1092 3461 ad

140 3488 274 3567 plantam
296 3505 391 3566 usque
414 3487 497 3566 pedis
519 3488 603 3566 ungi,
628 3494 693 3550 tum
715 3487 755 3549 ad
774 3491 912 3549 sanetum
934 3485 1089 3546 tamarum

141 3570 222 3643 duci,
246 3581 281 3632 a'c
303 3574 350 3631 ter
372 3570 411 3629 in'
423 3586 501 3647 aqua
522 3570 631 3650 mergi.
654 3568 695 3648 S.
711 3567 839 3631 Ioannes
860 3565 1091 3646 Chrysostomus
