2567 4042
590 202 795 277 wfflil*
900 208 904 213 ’

189 330 195 339 “
216 330 330 407 indiget
342 332 579 402 consecratione,
594 338 631 392 ut
643 332 790 395 Doctores
805 332 1016 396 communiter,
1034 346 1073 391 sc
1086 348 1174 408 prae-

217 414 324 474 sertim
345 411 526 475 Benedictus
549 412 626 475 XIV
649 414 678 474 in
700 432 756 475 sna
777 412 973 477 Institutione
989 410 1175 474 Ecclesiasti-

218 513 266 557 co.
289 494 378 569 Quod
404 497 430 554 si
453 500 567 557 tectum
589 495 761 565 corruerit,
784 495 833 556 vel
865 494 935 554 data
956 504 1050 572 opera
1081 493 1174 554 luerit

217 575 374 637 subtatum
402 594 576 654 novumque
604 577 876 654 superinductum,
899 576 1053 637 veteribus
1075 576 1174 653 pario·

217 657 299 718 tibus
321 658 564 727 consistentibus,
588 674 646 719 non
669 658 758 719 debet
780 654 915 718 Ecclesia
936 659 1048 719 iterum
1071 673 1175 717 conse·

216 739 308 809 crari3
333 741 404 815 quin
426 741 609 801 consecratio
631 740 663 798 in
677 739 854 818 parietibus,
871 756 931 799 non
951 756 1025 800 vero
1048 740 1172 799 intecto

219 820 365 880 consistit.
379 820 481 889 Sexto,
499 826 531 881 at
545 822 570 881 si
591 818 749 884 Ecclesiae
765 822 897 899 parietes
910 839 969 880 non
985 836 1047 881 uno
1063 826 1174 894 tempo

215 919 263 970 re,
278 901 331 961 sed
353 920 409 980 per
423 909 526 978 partes
547 908 579 962 et
599 903 727 964 diversis
742 902 930 981 temporibus
944 901 1055 963 inerint
1069 898 1173 960 aedifi·

215 984 287 1053 cati,
303 982 346 1043 ita
369 989 402 1046 ul
423 983 559 1043 Ecclesia
574 1000 682 1043 revera
703 984 762 1044 dici
779 983 871 1060 possit
893 987 1055 1051 renovata,
1079 982 1171 1043 debet

216 1064 326 1125 iterum
343 1063 526 1125 consecrari:
540 1083 610 1125 nam
624 1065 749 1127 sublatis
764 1064 919 1126 veteribus
931 1064 1107 1141 piarietibus,
1116 1078 1172 1124 nec

215 1152 305 1216 retus
320 1134 442 1221 quidem
458 1151 595 1207 remanet
615 1148 826 1213 consecratio,
849 1146 935 1224 justa
951 1146 1170 1214 Innocentium,

215 1243 308 1303 quem
324 1229 463 1305 sequitur
478 1227 581 1289 Abbas
597 1229 627 1287 in
642 1225 716 1307 Cap.
730 1228 916 1309 Proposuisti
930 1246 960 1287 n.
974 1225 1005 1286 8.
1023 1227 1171 1303 Septimo,

215 1308 241 1367 si
251 1305 385 1369 Ecclesia
402 1326 480 1385 quae
492 1310 592 1387 ignem
605 1308 654 1369 vel
666 1310 746 1370 aliud
762 1308 898 1369 accidens
908 1326 994 1387 passa
1005 1314 1061 1378 est,
1071 1307 1172 1370 adhuc

215 1397 373 1453 remaneat
387 1392 515 1469 integra,
532 1390 580 1451 vel
596 1389 695 1469 major
716 1391 797 1451 illius
812 1407 892 1467 pars,
910 1390 960 1451 sed
983 1395 1083 1450 tamen
1106 1406 1174 1449 oon·

216 1472 389 1531 sistentibus
413 1473 579 1547 parietibus
600 1473 755 1535 detractae
776 1472 890 1533 luerint
911 1476 1047 1542 crustae,
1072 1470 1174 1549 sejun·
1197 1531 1206 1549 ,

216 1552 318 1628 otique
341 1552 478 1631 lapides,
503 1554 593 1613 debet
615 1554 726 1615 iterum
748 1554 919 1613 consecrari
937 1575 944 1624 3
974 1556 1052 1627 quia
1067 1569 1174 1614 conse·

215 1634 310 1693 cretio
337 1634 367 1693 in
390 1632 549 1710 superficie
571 1632 724 1697 Ecclesiae
753 1632 932 1712 perlinitur,
956 1634 1092 1711 adeoque
1114 1634 1173 1694 bac

216 1713 334 1775 sublata
356 1714 538 1792 superlicio,
562 1733 615 1776 seu
638 1716 746 1778 dirutis
768 1718 877 1777 crustis
898 1732 977 1792 quae
998 1732 1085 1775 sacro
1106 1716 1174 1776 lue·

215 1801 289 1856 runt
310 1796 476 1858 chrismale
491 1798 643 1870 inunctae,
662 1798 778 1865 sublata
801 1798 922 1859 omnino
937 1802 1075 1858 remanet
1091 1796 1174 1858 illius

218 1879 422 1945 consecratio,
447 1885 482 1940 ut
503 1881 703 1941 communiter
724 1881 870 1941 Doctores
892 1883 958 1955 post
980 1877 1118 1939 Glossam
1141 1879 1172 1937 in

216 1954 321 2035 Capite
341 1957 483 2023 Ecclesiis
505 1962 585 2023 cert.
604 1961 739 2023 Eornstos
759 1960 797 2021 ds
810 1959 1044 2024 ,consecratione
1060 1956 1176 2021 Distl

217 2049 246 2100 ct
258 2042 294 2100 in
311 2040 387 2121 Cap.
406 2040 591 2121 Proposuisti.
603 2043 638 2104 de
658 2044 883 2107 consecratione
897 2039 1055 2102 Ecclesiae.
1074 2039 1173 2101 Multo

217 2127 321 2182 aulem
342 2121 459 2185 lortiori
482 2126 597 2185 ratione
619 2142 730 2186 novam
751 2126 887 2199 requiret
909 2124 1171 2185 consecrationem

213 2200 352 2265 Ecclesia
375 2206 425 2264 illa
447 2223 547 2281 quae,
570 2207 724 2282 prioribus
746 2204 906 2266 destructis
927 2204 1115 2282 parietibus,
1140 2204 1172 2263 in

215 2288 312 2345 totum
345 2282 436 2346 luerit
462 2286 631 2362 ampliata:
659 2286 717 2347 Pax
739 2283 888 2347 Jordanns
914 2282 979 2346 Lib.
1003 2284 1113 2345 VTit.
1138 2283 1172 2343 9.

213 2362 380 2426 utcontra
409 2366 433 2426 si
456 2372 646 2428 restauretur
666 2367 789 2445 quidem
811 2384 845 2426 ac
869 2368 898 2425 in
921 2368 1098 2427 nobiliorem
1122 2385 1173 2427 re

213 2446 335 2522 digatur
357 2447 534 2515 lormam‚a
557 2466 633 2507 nova
652 2446 845 2509 Dedicatione
865 2448 924 2509 erit
945 2450 1066 2508 omnino
1081 2448 1174 2508 absti-

212 2528 347 2587 nendum
365 2549 373 2599 3
397 2536 557 2607 propterea
580 2530 660 2605 quod
683 2528 783 2589 adhuc
805 2534 920 2591 sacrata
941 2534 1102 2599 remanet,
1127 2535 1173 2589 ta·

212 2610 303 2669 metsl
325 2610 453 2669 nobilior
474 2612 616 2671 evaserit:
634 2610 717 2687 quod
737 2608 905 2671 illustratur
920 2613 1099 2673 anctoritate
1114 2610 1173 2671 Be·

99 2754 102 2759 ,
212 2690 324 2750 nedicti
346 2689 708 2769 murcomannum
730 2689 865 2754 Ecclesia
880 2691 972 2753 luerit
994 2697 1170 2753 consecrata

213 2771 252 2831 ab
272 2772 449 2849 Episcopo,
471 2778 506 2835 nt
527 2774 674 2834 habeatur
696 2778 840 2850 perpetua
862 2773 947 2834 istius
968 2776 1173 2834 consecratio·

212 2853 260 2913 nis
280 2854 442 2926 memoria,
460 2856 498 2915 ab
520 2854 671 2933 Episcopo
693 2855 827 2931 expediri
850 2853 958 2915 debent
977 2856 1108 2919 Litterae
1123 2874 1173 2933 pa·

212 2939 335 3004 tentes,
359 2936 389 2993 in
411 2938 521 3011 quibus
543 2944 683 2998 narretur
715 2937 810 2996 talem
837 2934 1005 2999 Ecclesiam
1027 2938 1117 2998 sitam
1137 2938 1173 2996 in

211 3015 280 3081 loco
297 3014 335 3075 N.
359 3017 415 3077 sub
436 3018 626 3079 invocatione
642 3018 746 3078 Sancti
760 3016 798 3077 N.
816 3016 908 3079 luisse
930 3036 996 3081 ase
1011 3036 1174 3081 consecra·

212 3105 276 3161 iam
304 3104 336 3159 et
357 3098 527 3160 dedicatam
547 3117 651 3167 anno,
677 3099 752 3169 die,
776 3114 880 3161 mense
901 3104 958 3161 etc.
982 3102 1109 3163 servatis
1131 3100 1172 3162 de

212 3180 286 3241 iure
308 3183 338 3240 in
361 3181 510 3242 similibus
529 3180 702 3249 servandis,
725 3184 757 3239 et
778 3180 899 3243 easdem
921 3182 998 3242 tradi
1012 3179 1173 3245 Ecclesiae

212 3261 347 3329 Rectori,
364 3279 530 3340 earumque
551 3264 706 3341 exemplar
730 3262 938 3324 authenticum
960 3265 1116 3342 registrari
1138 3265 1186 3345 iu¹

116 3425 119 3432 y
212 3343 290 3405 actis
310 3341 525 3404 cancellariae.

254 3422 349 3483 Porro
364 3429 639 3502 argumentatione
654 3426 738 3502 signa
751 3424 963 3503 principaliora
978 3426 1089 3501 quibus
1100 3438 1173 3501 pro·

213 3505 279 3564 bari
294 3509 393 3580 potest
414 3502 567 3567 Ecclesiae
587 3507 793 3575 consecratio,
817 3507 887 3567 hino
909 3506 1028 3567 desumi
1048 3507 1170 3570 solent:

213 3584 316 3646 Primo
331 3602 369 3645 ex
390 3584 496 3647 litteris
517 3588 547 3647 in
568 3606 733 3659 marmore,
750 3590 877 3666 pariete,
894 3592 948 3649 aut
968 3587 1038 3648 alibi
1051 3587 1170 3649 incisis.
