2567 4042
315 332 498 415 nunna
532 329 825 457 ocravus

399 575 446 624 un
471 571 736 626 sacnnunnrrs.
795 561 799 572 '

514 781 627 795 ——q

372 1570 374 1573 Ι
481 1479 608 1544 carun
629 1482 655 1542 r.

106 1756 109 1760 Ι
129 1693 172 1739 DE
192 1692 244 1744 lis,
266 1691 349 1748 QUAE
371 1693 402 1737 ΙΝ
424 1688 699 1737 ΒΑΕΒΔΙΙΕΝΤΟΒΙΙΜ
721 1691 1011 1737 Auutblsruffloltls

270 1770 272 1773 ’
303 1774 525 1819 ueussnanlrssu
551 1773 717 1820 SERVANDA
740 1773 830 1818 SUNT.

135 1949 160 2009 1.
180 1946 224 2011 -Ut
245 1947 340 2029 major
355 1950 394 2011 sit
415 1967 487 2028 erga
502 1950 696 2012 Sacramenta
717 1948 813 2013 fidelis
834 1948 936 2028 populi
950 1950 1041 2014 devo-

96 2032 149 2098 tio,
171 2048 206 2091 ac
227 2033 408 2104 reverentia,
431 2031 615 2112 jampridem
638 2050 657 2092 a
677 2032 781 2110 primis
803 2030 955 2094 Ecclesiae
976 2050 1044 2096 sae·
1102 2031 1107 2043 '

95 2113 170 2175 culis
192 2114 269 2175 ritus
289 2120 321 2175 et
340 2116 547 2183 caeremoniae
563 2114 710 2192 quaedam
731 2116 762 2174 in
779 2113 1042 2176 sacramentorum

94 2195 350 2257 administratione
373 2196 509 2258 adhiberi
531 2203 777 2266 consueverunt,
801 2195 908 2274 quibus
936 2200 967 2258 et
988 2195 1044 2274 ipsi

95 2277 361 2348 Sacrameutorum
392 2279 517 2340 ellectus
538 2278 664 2340 subinde
685 2274 904 2355 explanantur,
932 2283 965 2340 et
990 2295 1044 2356 po-

94 2360 167 2438 pulo
189 2357 369 2420 sensibiliter
389 2365 624 2439 proponuntur,
648 2365 822 2438 mentesque
845 2357 980 2420 fidelium
1004 2359 1043 2420 ad

93 2458 196 2503 rerum
210 2441 377 2502 divinarum
393 2442 673 2521 contemplationem
688 2444 828 2504 excitant.
846 2441 971 2504 Summa
987 2443 1040 2503 ila-

95 2541 156 2600 que
177 2540 212 2582 ae
234 2522 390 2601 multiplex
416 2541 508 2599 quurn
532 2525 571 2584 sit
597 2525 710 2586 rituum
732 2523 956 2586 Catholicorum
985 2525 1042 2585 uti·

96 2606 163 2666 litas
184 2623 218 2666 ac
238 2605 346 2676 virtus,
361 2603 425 2682 jam
439 2611 520 2666 recte
542 2606 639 2682 iuquit
661 2611 796 2667 nostruin
817 2604 933 2666 lliluale
955 2615 990 2666 ut
1006 2623 1041 2666 ca

96 2705 173 2767 quae
194 2706 232 2748 ecc
253 2688 386 2765 antiquis
401 2683 552 2748 Ecclesiae
568 2689 736 2751 Catholicae
757 2688 916 2758 lectitatis,
941 2695 969 2746 et
990 2687 1044 2750 sa-

95 2787 218 2829 crorum
241 2767 419 2842 Cauaseum,
443 2767 693 2849 Summarumque
714 2767 889 2850 Pontificum
911 2767 1043 2830 Decretis

93 2850 129 2912 de
152 2847 418 2934 sacramentorum
438 2848 582 2920 Elabar,
610 2870 647 2912 ac
674 2852 868 2915 caeremoniis
895 2849 946 2910 laec
970 2851 1043 2912 libro

89 2932 348 3014 praescribuntur,
372 2950 432 3010 aua
447 2950 509 3013 par
523 2943 564 2993 est
584 2931 754 3012 dilipeatc'a,
772 2950 806 2991 ac
827 2930 969 3009 reliploae
992 2952 1043 2993 eu·

93 3013 273 3081 redicatur,
290 3023 317 3074 et
326 3013 433 3092 ubique
446 3014 577 3096 fideliter
590 3023 755 3075 sorbeatur.
768 3012 959 3077 Potissimum
970 3030 1043 3075 vero

93 3096 137 3156 illi
160 3095 298 3156 servandi
320 3101 390 3155 sunt
404 3097 491 3164 ritus,
509 3114 583 3173 quos
597 3095 733 3157 Ecclesia
744 3094 876 3156 Romana
899 3095 1043 3168 praescri·

99 3177 154 3247 bit,
179 3179 208 3237 iu
222 3195 283 3253 quo
303 3182 338 3237 ul
350 3178 393 3236 ait
414 3175 445 3237 S.
458 3177 642 3255 Augustinus
657 3179 686 3238 in
699 3175 833 3256 Epistola
845 3174 955 3238 CLXII
964 3194 1045 3256 *sem-

91 3278 150 3340 per
171 3259 267 3338 eiecit
279 3255 462 3338 Apostollcae
486 3257 651 3322 caucana
666 3260 884 3338 principatas5
905 3263 936 3318 et
957 3259 1004 3320 lon
1025 3277 1042 3320 a

93 3347 163 3404 ante
183 3341 385 3420 Augustinum
407 3341 513 3402 docuit·
528 3339 560 3401 S.
577 3339 721 3402 lrenaeus
742 3341 833 3400 Libro
848 3338 891 3401 lll
908 3338 981 3417 Cap.
998 3278 1040 3402 dl

94 3422 136 3491 aa
156 3424 233 3482 baac
249 3421 422 3493 Ecclesiam,
439 3439 542 3503 nempe
556 3420 727 3483 Romanam
742 3432 868 3503 propter
886 3420 1043 3505 principa·

96 3504 224 3571 litatem,
246 3522 356 3565 accesso
379 3513 419 3564 est
440 3521 553 3564 oraaem
573 3503 730 3566 coaocalrc
752 3502 923 3565 Ecclesiam.

139 3585 179 3645 ll.
201 3585 324 3648 Paratus
345 3603 464 3666 semper
484 3603 551 3649 esse
577 3586 688 3649 debere
715 3587 881 3648 animarum
902 3583 1040 3648 Pastores
