2567 4042
572 162 776 233 ΝΜ·

200 310 261 370 quo
292 295 334 355 ita
366 293 470 355 scribit
491 292 655 370 Apostolus
687 294 718 353 in
740 290 873 369 Epistola
905 289 1148 365 collocamus,

195 375 273 454 Cap.
296 372 354 436 Vll
379 372 458 435 Talis
480 377 559 434 enim
581 373 725 443 decolat,
748 382 784 434 at
804 374 887 435 nobis
910 383 978 433 osset
993 370 1147 452 Pontifex,

198 468 329 525 sanctas,
353 459 517 525 innocens,
540 458 733 533 impollutas,
757 464 927 534 scprcpatus
948 474 967 515 a
986 458 1149 533 peccatori·

195 542 273 606 hos,
298 541 494 600 aeaericior
515 539 605 597 caelis
625 540 732 617 factas.
757 538 933 614 Requiritur
959 543 1060 599 autem
1082 556 1153 599 san

196 622 312 689 clitus,
335 625 399 682 mm
422 626 458 681 ut
478 618 577 680 Deum
605 637 661 697 pro
683 620 794 699 populo
815 620 980 697 deprecans
1007 620 1148 679 exaudia-

196 708 258 771 tur,
282 702 420 779 exemplo
437 700 539 761 Aaron
561 700 739 773 Pontificis‚
762 702 800 763 de
822 718 882 778 quo
898 700 971 778 Cap.
989 700 1065 761 XVI
1086 700 1150 761 Nu-

193 794 353 845 mero‘rum
376 785 417 843 ita
439 784 593 860 legimus:
624 784 716 846 Stans
737 784 818 843 inter
839 782 1028 843 montuosae
1050 785 1153 844 cioca·

194 876 247 934 tos,
268 884 328 945 pro
346 864 460 945 popolo
480 864 657 944 deprecatus
680 877 732 934 cst,
751 876 777 926 et
794 866 888 945 plapa
909 868 1042 925 cessavit.
1066 864 1154 927 Inter

196 948 270 1007 alias
286 945 427 1024 Episcopi
447 946 577 1007 virtutes
592 954 730 1007 recenset
743 947 905 1023 Apostolus
919 947 1146 1021 continentiam,

195 1030 385 1105 pudicitiam,
409 1028 599 1094 castitatem„
613 1026 732 1089 Etenim
747 1026 918 1089 Sacerdotis
940 1030 1088 1095 animam,
1106 1030 1151 1089 in-

193 1112 260 1185 quit
286 1108 317 1170 S.
342 1108 475 1169 loannes·
493 1108 729 1189 Chrysostomus
749 1107 883 1170 Lih.-Vl
911 1109 948 1169 de
973 1108 1155 1172 Smerdotic
1269 1110 1270 1173 ³

193 1192 340 1252 solaribus
363 1190 462 1251 radiis
478 1194 636 1270 pociorem
659 1209 716 1251 esso
739 1200 864 1271 oportet.
889 1189 920 1250 S.
941 1191 1154 1271 Hieronymus

193 1274 340 1335 adversus
361 1271 552 1333 toriniacum
575 1274 720 1340 scribens,
745 1273 887 1333 altissima
910 1274 947 1332 ab
970 1292 1067 1351 usquo
1089 1275 1153 1333 ori·-
1269 1306 1270 1338 2

192 1357 260 1433 gine
284 1372 407 1416 causam
422 1356 532 1431 repetit
546 1354 743 1416 Sacerdoturn
755 1354 867 1415 Christi
883 1356 1086 1417 castimoniae.
1105 1356 1153 1419 De
1269 1368 1270 1371 ’

190 1436 395 1515 hospitalitate
417 1438 446 1495 in
459 1434 609 1515 Episcopo
625 1436 769 1513 requisita
785 1438 967 1497 mentionem
981 1437 1054 1497 iacit
1069 1438 1151 1514 Apo
1269 1466 1270 1479 κ

191 1520 286 1579 stolus
299 1517 475 1596 inEpistola
488 1520 587 1595 prima
602 1517 858 1586 ad-Timotheum‚
872 1517 945 1595 Cap.
958 1518 1013 1591 lli,
1027 1524 1058 1580 et
1068 1522 1098 1577 in
1110 1516 1150 1578 E-
1269 1550 1270 1557 κ

189 1600 298 1677 pistola
313 1600 350 1659 ad
363 1600 476 1668 Titum.
489 1602 582 1660 Recte
604 1601 705 1675 itaquo
720 1598 750 1659 S.
763 1598 970 1677 Hieronymus
992 1600 1020 1661 in
1033 1599 1151 1679 Episto»

190 1682 252 1741 lam
264 1679 357 1741 Pauli
367 1680 408 1741 ad
422 1678 520 1742 Titane
531 1683 584 1741 att:
597 1680 673 1741 Anto
688 1684 789 1741 omnia
801 1681 986 1761 hospitalitas
996 1684 1100 1762 [aare
1113 1680 1151 1743 E
1269 1742 1270 1748 ,

186 1763 308 1842 piscopo
319 1760 533 1825 denunciatur.
545 1758 580 1822 Si
592 1764 671 1822 onim
682 1782 780 1822 mones
791 1763 868 1825 illud
879 1760 1083 1843 doanapclio
1094 1782 1152 1824 aa·

190 1842 256 1902 diro
272 1842 455 1905 desiderant:
465 1844 577 1923 Hospes
591 1844 647 1923 fai,
665 1853 698 1904 ct
705 1845 857 1925 suscepisti
877 1862 936 1913 mcc
959 1853 1071 1924 pacato
1085 1862 1153 1907 mc-

188 1925 234 2003 pis
245 1922 409 2007 Episcopus
420 1930 506 2008 cajus
517 1926 620 1987 domm
631 1929 765 1987 omoiam
776 1944 927 1985 commone
940 1926 1021 1989 elebat
1033 1945 1092 1987 esse
1102 1929 1150 1987 to
1267 1952 1268 1955 ¹

189 2007 324 2086 spitiom.
342 2008 397 2068 llla
410 2010 513 2080 verba,
531 2006 609 2072 Arte
630 2010 735 2067 omnia
749 2008 936 2088 hospitalitas
956 2008 1061 2087 fataro
1076 2006 1151 2089 Epi·
1269 2052 1270 2061 2

189 2106 276 2169 scopo
298 2088 511 2160 denuntiator,
534 2090 612 2152 torte
635 2090 672 2149 ed
696 2108 766 2151 aum
790 2093 885 2151 ritum·
906 2090 1153 2167 alluduntsquod·

192 2168 317 2231 Electus
339 2174 369 2232 in
385 2170 569 2250 Episcopum
592 2170 815 2232 consecrandus
831 2171 915 2231 initio
937 2171 1152 2233 caecumine·
1269 2206 1270 2239 ς

188 2252 277 2313 tionis
300 2252 337 2313 de
360 2254 564 2329 hospitalitate
586 2251 734 2315 servanda
767 2252 996 2314 admonebatur.
1021 2253 1154 2331 Oportet
1269 2287 1270 2291 =

190 2338 352 2412 praeterea
374 2332 713 2412 iutummEpiscopum
737 2334 903 2412 benignum
918 2352 995 2404 esee,
1013 2352 1073 2395 non
1090 2338 1154 2395 ira·
1269 2400 1270 2404 ,

192 2416 344 2482 cundum,
363 2422 398 2477 ut
419 2417 462 2476 ait
476 2414 637 2491 Apostolus
659 2417 689 2475 in
704 2412 841 2493 Epistola
862 2418 900 2477 ad
914 2415 1028 2477 Titum.
1046 2416 1150 2496 Agunt
1269 2450 1270 2459 κ

192 2495 260 2558 tuse
289 2496 327 2557 de
348 2497 384 2557 iis
419 2516 453 2557 ac
484 2498 550 2558 aliis
572 2499 761 2565 virtutibus,
792 2496 901 2573 quibus
932 2499 962 2557 in
984 2494 1156 2577 Episcopus
1269 2528 1270 2541 κ

191 2578 321 2656 eligendi
342 2578 460 2655 fulgere
480 2580 601 2647 debent,
626 2578 658 2640 S.
682 2577 814 2640 loannes
836 2576 1070 2659 chrysostomus
1088 2622 1096 2648 ‚
1120 2585 1151 2643 et
1268 2580 1270 2621 'l

192 2657 320 2723 Sanctus
347 2658 512 2737 Gregorius
532 2659 738 2721 Nazianzenus
770 2665 936 2737 omnesque
964 2660 1154 2739 interpretes
1267 2668 1268 2671 ’

192 2743 223 2800 in
239 2730 388 2821 Epistolas
408 2741 494 2802 Pauli
516 2743 554 2802 ad
569 2742 687 2812 Titum,
705 2746 737 2801 et
757 2742 794 2801 ad
811 2741 1006 2803 Timotheum
1029 2746 1151 2805 missas:

192 2824 224 2881 in
245 2823 355 2899 quibus
373 2840 452 2885 cum.
468 2824 540 2884 illud
564 2824 653 2885 etiam
670 2824 891 2901 praescriptum
911 2826 959 2891 sit,
975 2830 1011 2885 ut
1031 2822 1151 2903 inEpi·
1267 2826 1268 2829 ’

192 2919 319 2980 scopum
348 2906 504 2983 eligendus
522 2906 818 2981 „consecrandusque
844 2916 949 2985 potens
975 2907 1014 2965 sit
1037 2907 1152 2967 calor*

193 2987 258 3046 tori
278 2990 313 3047 io
335 2986 472 3049 doctrina
492 3006 579 3057 sana,
597 2998 627 3047 ct.
648 3006 693 3047 cos
713 2986 768 3067 qai
783 2986 994 3047 contradicant
1008 3005 1148 3067 arpocrc,

191 3065 1155 3214 careeastetinensisassistere:

191 3229 253 3291 lixo
269 3170 407 3293 Zenon
426 3170 585 3293 EcElesiae
607 3194 765 3291 Antistites
797 3247 856 3290 non
879 3232 968 3292 modo
990 3168 1153 3311 omr’rigpone

190 3310 346 3381 doctrina,
369 3314 421 3373 scd
443 3316 534 3375 etiam
555 3312 861 3391 eloquentiarinsigai
883 3314 994 3375 debore
1016 3328 1082 3375 esse
1105 3316 1153 3375 iu·

189 3399 322 3455 aeneas
342 3412 378 3457 ao
394 3396 569 3473 perpolitae.
587 3394 755 3456 Concilium
770 3412 844 3455 vero
856 3392 1065 3457 Tridentinum
1081 3394 1153 3459 Ses—

189 3474 362 3541 sionaXll
383 3474 458 3553 Cap.
481 3474 512 3537 11
532 3494 551 3537 a
571 3476 682 3537 futuris
704 3474 860 3555 Episcopis
882 3478 977 3555 exigit
996 3478 1120 3555 quidem
1137 3518 1148 3547 ,

189 3558 491 3630 accinctionem,
514 3557 563 3619 vel
586 3556 728 3622 licentiati
751 3559 780 3621 in
802 3556 980 3638 Theologia
1000 3564 1056 3621 aut
1076 3558 1149 3623 lure
