2567 4042
478 155 702 228 eremetic-

103 288 220 348 ‘iuoere
241 289 398 364 pulsentur
419 285 541 361 quidem
563 282 734 362 Campanae
757 300 814 342 non
837 300 909 342 sono
933 282 1070 362 lugubri,

109 375 147 430 ut
168 371 199 427 in
221 367 329 432 adultis
350 366 520 434 defunctis,
544 367 597 428 sed
619 366 719 443 potius
740 363 859 424 festivo.

150 448 191 510 ll.
216 449 356 510 Mortuus
378 466 455 525 puer
475 448 669 509 sacramento
684 445 829 523 Baptismi
844 446 1009 522 insignitus,
1028 449 1071 506 irr-

108 530 163 591 dui
194 532 271 592 solet
302 536 386 591 veste
408 531 469 590 albi
491 529 611 591 coloris.
635 527 762 603 Insuper
785 543 893 586 corona
921 528 958 588 de
989 527 1072 588 llori-

104 611 168 672 bus
189 613 258 692 ejus
279 618 372 688 caput
393 611 527 672 redimiri
549 611 638 672 solet.
655 607 743 670 Ratio
764 608 859 686 liujus
887 625 1016 670 coronae
1042 614 1072 670 et

105 693 270 772 hujusmdi
291 692 402 755 llorum
426 694 546 769 ponitur
566 693 604 752 ab
626 693 756 768 ipsomet
776 687 911 760 Ritualt,
935 691 1006 751 dum
1029 692 1073 751 di·

108 777 179 835 cit:
202 775 382 854 Insignem
413 775 600 852 integritatis
622 776 724 834 cornis
746 779 772 830 ot
793 773 990 850 uirginitatis.
1014 771 1072 834 Sed

103 857 202 916 aliam
224 859 372 918 rationem
394 857 525 933 assignat
538 855 707 923 lavarias,
731 871 839 931 nempe
855 859 889 913 ut
903 855 933 912 iu
957 872 1072 914 merno-

108 938 188 998 riam
205 940 289 999 nobis
304 943 447 998 revocent
460 937 526 998 aevi
542 937 638 1016 liujus
652 937 847 1012 parvitatem,
861 937 929 1010 quia
940 941 1072 1014 spectan-

104 1019 226 1080 tissime
240 1020 357 1089 llorent,
373 1025 406 1079 et
419 1018 578 1080 celerrime
594 1021 798 1078 marcescunt.
816 1015 892 1076 Sine
915 1017 1072 1095 inspectio-

106 1119 148 1161 ne
161 1100 250 1179 digua
272 1106 319 1162 est
340 1100 433 1169 Crux,
449 1118 528 1177 quae
549 1102 614 1160 sine
628 1099 715 1160 haste
729 1099 759 1158 in
774 1098 971 1176 parvulorum
985 1098 1071 1160 lune-

63 1216 66 1220 ·
104 1200 146 1242 re
164 1183 300 1244 defertur
322 1187 355 1242 et
367 1179 452 1242 ⁴forte
474 1182 512 1242 ob
534 1184 695 1258 mysticam
709 1181 867 1248 rationem,
883 1197 974 1255 quarn
998 1181 1070 1242 Bar·

104 1262 245 1324 rulaldus
267 1265 381 1333 tradit3
404 1264 473 1338 quia
496 1262 610 1322 scilieet
631 1280 700 1323 cum
721 1260 825 1328 Crux,
849 1279 926 1337 quae
945 1280 1071 1339 genera-

104 1346 165 1405 tim
187 1347 217 1406 in
233 1343 424 1406 Processione
453 1342 608 1416 defertur,
623 1341 769 1420 significet
782 1340 950 1402 Ecclesiam
966 1345 996 1403 in
1011 1345 1069 1404 hoo

103 1427 224 1487 mundo
246 1427 490 1504 peregrinantem
511 1431 542 1486 et
569 1424 747 1486 militantem
777 1441 848 1484 curn
875 1425 986 1486 vexillo
1012 1424 1071 1484 llo

105 1509 205 1576 ruini,
228 1512 261 1570 et
280 1505 374 1568 Ducis
395 1507 463 1577 sui,
487 1525 546 1566 non
565 1507 688 1566 omuino
711 1506 769 1565 hoo
790 1501 965 1566 verificatur
979 1509 1009 1567 in
1025 1508 1069 1566 in·
1187 1513 1188 1518 ’

107 1589 233 1650 tantulis
254 1589 305 1665 qui
328 1606 383 1666 per
413 1587 627 1649 brevissimum
662 1587 806 1664 temporis
834 1589 965 1664 spatium
994 1588 1071 1652 mili·

107 1672 183 1732 tiam
209 1687 262 1732 seu
285 1669 556 1747 peregrinationem
583 1671 613 1727 in
640 1669 699 1729 hoc
714 1669 826 1728 mundo
848 1670 1067 1735 sustinuerunt,

105 1753 177 1813 ideo
191 1752 292 1812 brevis
306 1757 351 1812 est
364 1749 457 1822 Crux,
475 1752 547 1828 quia
561 1750 662 1812 brevis
677 1751 734 1812 luit
748 1760 857 1812 eorum
870 1751 900 1810 in
915 1752 973 1811 lrac
989 1756 1071 1812 terra

106 1833 324 1910 peregrinatio.
1013 1855 1015 1860 ’

149 1914 206 1975 ΙΙΙ.
239 1914 342 1988 Quum
370 1911 546 1990 hujusmodi
579 1913 777 1988 parvulorum
805 1910 969 1989 Exeqoiae.
988 1913 1071 1990 iesti-
1183 1911 1188 1921 '

31 1994 33 1997 ’
106 2013 164 2056 nae
186 1997 246 2056 sint
273 2012 308 2056 ae
340 1995 460 2060 laetae,
483 1995 541 2056 rite
567 1993 724 2056 Parochus
756 1997 785 2054 in
818 1995 862 2054 eis
893 1996 1070 2072 peragendis

108 2077 191 2138 Stola
212 2077 319 2137 coloris
341 2077 401 2136 albi
420 2077 538 2140 utitur.
561 2083 628 2137 tum
650 2093 723 2136 vero
746 2076 957 2154 potissimum,
986 2079 1068 2154 quod

109 2159 205 2220 vestis
224 2158 291 2218 alba
313 2157 490 2218 laetantium
511 2163 544 2218 et
563 2157 780 2236 gratulantium
803 2157 923 2234 propria
947 2158 1008 2227 sit,
1033 2167 1067 2220 ut

108 2240 247 2318 pluribus
268 2239 356 2301 docet
377 2236 486 2299 Petrus
507 2238 658 2300 Morettus
673 2239 702 2299 in
718 2257 812 2301 aurea
834 2238 1062 2314 disceptatione:
1120 2265 1123 2272 -

108 2322 154 2382 Dc
177 2323 243 2383 rito
271 2317 415 2382 odmundi
444 2319 569 2381 curate
599 2318 822 2382 indumentum.
850 2318 907 2380 His
928 2320 1065 2386 accedit,

96 2403 186 2480 qrrod
207 2421 302 2479 quum
323 2402 380 2479 ipsi
403 2401 520 2478 parvuli
541 2401 673 2478 virgines
695 2403 773 2470 sint,
797 2402 867 2480 jure
889 2419 923 2462 ac
957 2402 1066 2462 merito

104 2485 136 2542 in
158 2502 266 2544 eorum
288 2483 414 2550 lunera,
437 2482 532 2542 veluti
553 2483 602 2543 die
624 2483 778 2552 natalitio,
802 2481 884 2544 color
906 2483 993 2544 albus
1015 2483 1064 2544 ad·

106 2564 241 2626 hibetur.
266 2565 397 2631 Psalmi,
421 2563 471 2638 qui
494 2563 524 2622 in
545 2562 726 2639 sepeliendis
748 2565 882 2638 parvulis
897 2570 1065 2633 cantantur,

101 2664 211 2707 ornnes
232 2651 303 2708 suut
324 2646 471 2708 laudiset
492 2645 634 2715 laetitiae,
647 2649 771 2723 propter
795 2646 994 2707 innocentiam
1009 2645 1069 2706 lte-

101 2727 225 2794 iuncti,
248 2743 489 2806 quaemoerore
511 2743 570 2787 non
591 2727 727 2804 indiget,
751 2733 934 2806 quapropter
957 2729 985 2786 in
1008 2725 1084 2788 fine

100 2809 227 2870 illorum
249 2829 307 2870 non
329 2810 441 2870 dicitur
459 2805 605 2886 Repetam
618 2819 807 2879 ‚oeternum
837 2811 906 2884 quia
933 2809 999 2886 jam
1020 2828 1068 2870 re·

100 2891 176 2967 quie
204 2897 327 2953 aeterna
357 2892 479 2952 illorum
506 2891 608 2950 anima
632 2890 771 2960 lruitur;
801 2889 853 2950 sed
877 2889 985 2954 Gloria
1007 2887 1067 2950 Po·

100 2973 170 3042 tri„
184 2978 242 3034 eto.
266 2974 336 3051 quia
357 2991 426 3034 curn
447 2970 558 3040 Patre,
582 2975 615 3033 et
635 2969 733 3039 Filio,
767 2975 798 3031 et
819 2971 931 3048 Spiritu
953 2971 1065 3032 Sancto

102 3053 210 3115 vivuat
232 3054 261 3112 in
283 3053 387 3115 coelis.
403 3050 549 3125 Quamvis
570 3053 654 3114 nulla
676 3053 705 3112 in
728 3057 830 3113 nostro
844 3052 958 3112 Rituali
982 3071 1066 3115 meu-

101 3135 147 3194 tio
168 3131 221 3196 liat
242 3136 280 3196 de
301 3136 397 3195 cereis
417 3135 552 3196 accensis
574 3151 635 3194 una
656 3150 727 3195 cum
751 3132 1010 3210 puerodeluncto
1027 3137 1067 3211 ad

100 3211 270 3276 Ecclesiam
291 3216 480 3285 delerendis,
503 3216 667 3278 adhibendi
689 3217 708 3276 ii
725 3215 925 3284 =nihilominus
939 3221 1011 3276 sunt
1026 3233 1065 3276 ex

102 3297 244 3373 antiqua,
268 3299 443 3375 recentique
471 3297 680 3360 Ecclesiarum
712 3299 820 3374 praxi,
843 3313 878 3358 ac
908 3297 1068 3361 nonnullo-

101 3394 173 3439 rum
194 3381 286 3440 etiam
308 3377 473 3442 ltitualium
491 3381 703 3459 praescripto,
728 3396 763 3440 ac
791 3380 969 3456 praesertim
990 3375 1067 3440 Cae-

103 3460 281 3522 remonialis
302 3460 509 3522 Ambrosiam.
