2567 4042
568 201 630 264 arn
651 191 795 262 ideren-

201 329 238 389 ad
261 328 433 406 legendum.
469 327 502 388 ln
525 328 657 405 antiquis
678 327 859 389 Germaniae
891 327 1163 388 consuetudinibus
1263 342 1264 399 j

202 411 414 486 manuscriptis
436 409 473 469 ad
489 410 586 470 solum
603 409 714 469 Prioris
728 409 898 470 Sacerdotis
913 416 1021 470 nutum
1037 409 1096 487 legi
1112 409 1163 468 de-

203 494 292 554 bebat
314 483 577 570 Martyrologium.
601 491 739 553 &cundo
755 493 834 552 idem
849 491 959 552 Lector
973 509 1026 551 eos
1039 508 1165 568 semper

203 574 396 636 annuntiabat
418 572 560 644 Sanctos,
585 592 715 650 qrrornm
739 572 853 634 Natalis
874 575 938 634 dics
961 574 989 632 in
1010 569 1093 633 diem
1117 591 1166 634 se·

204 661 347 735 quentem
371 656 526 718 incideret.
556 654 653 715 Finita
675 655 884 734 Martyrologii
911 657 1060 721 lectione,
1095 673 1165 715 sur·
1264 646 1265 707 ἶ

175 797 179 805 ,
204 757 277 817 gere
299 736 448 797 debebant
469 755 595 807 omnes,
624 745 655 798 et
677 738 734 797 dici
762 738 800 797 ab
821 735 1069 797 llcbdomadario
1092 737 1167 795 Pre-

203 825 280 882 tiosa
295 821 330 878 in
343 830 499 900 conspecte
515 819 658 888 Domini,
681 820 729 878 cni
752 821 845 878 ceteri
870 819 907 880 de
923 816 1022 878 Cboro
1038 833 1167 896 respon·

204 903 315 964 debant
337 897 420 962 Mors
444 899 623 960 Sanctorum
646 904 721 981 rjus.
744 899 799 960 Cui
822 902 943 977 quidem
959 902 1099 967 orationi,
1118 918 1166 959 re-

204 984 321 1063 ligionis
353 999 388 1041 ac
410 983 576 1044 devotionis
598 1000 672 1059 ergo
703 983 731 1040 in
755 983 962 1043 Beatissimam
992 983 1048 1042 Dei
1070 981 1163 1042 Geni-

182 1065 333 1129 'triccm‚
366 1061 453 1140 juxta
476 1067 640 1142 praesentis
662 1063 811 1124 Rubricas
833 1065 1034 1142 praemittitur
1063 1081 1166 1123 sacra·
1265 1110 1266 1129 ,

204 1149 355 1208 tissimum
378 1145 572 1207 Beatissimae
595 1146 710 1207 Mariae
732 1146 912 1206 nomenboc
926 1147 1028 1206 modo:
1053 1145 1169 1206 &ncta
1265 1158 1266 1163 ’

204 1227 311 1290 Mario
333 1239 360 1288 rt
381 1247 480 1287 omnes
501 1228 614 1289 Sancti.
649 1226 784 1287 Recitata
807 1229 959 1305 praedicta
980 1227 1127 1287 Oratione
1149 1243 1168 1286 a

205 1310 390 1374 Sacerdote,
414 1310 450 1368 ad
474 1311 572 1370 Deum
594 1309 719 1370 Trinum
742 1309 909 1377 elevamur,
933 1311 975 1370 ait
995 1307 1165 1379 (laventus,

204 1394 332 1470 repetito
353 1407 444 1450 versu
467 1396 513 1452 ter
542 1392 621 1452 Dens
641 1392 676 1451 in
697 1388 885 1472 adjutorium
906 1410 1004 1451 menni
1017 1390 1164 1451 intende.

205 1473 250 1535 lle
275 1475 330 1534 boc
352 1473 457 1533 eodem
482 1490 571 1534 versu
593 1473 730 1534 Matiene
753 1473 806 1541 ait,
822 1473 901 1549 quod
924 1480 989 1533 erat
1010 1473 1166 1534 secundus

205 1553 512 1633 Capitularisactus,
547 1556 626 1632 quod
650 1558 696 1615 ter
718 1574 736 1615 a
758 1553 860 1615 Priore
890 1554 937 1614 vel
960 1574 976 1614 a
1000 1553 1166 1615 Sacerdote
1266 1562 1267 1567 ’

205 1657 243 1698 ex
266 1640 381 1712 integro
405 1637 473 1694 talis
494 1655 601 1696 versus
623 1637 801 1702 dicebatur,
825 1645 933 1711 terque
958 1637 1036 1696 item·
1053 1655 1070 1696 a
1085 1635 1167 1696 Con-

205 1720 378 1796 gregatione
401 1718 604 1794 repetebatur.
628 1718 748 1782 Tertius
776 1716 957 1796 capitularis
984 1723 1070 1777 actus
1097 1724 1170 1778 erat

205 1800 308 1861 Lectio
322 1799 466 1877 Regulae,
483 1799 520 1858 ad
537 1817 628 1875 quam
644 1801 787 1860 sedebant
801 1817 915 1859 omnes.
933 1798 1013 1858 Huic
1027 1797 1169 1876 Regulae

206 1883 327 1943 lectioni
350 1882 509 1942 substituta
530 1888 576 1942 est
595 1880 680 1959 juxta
695 1883 798 1941 Ritnm
813 1880 983 1942 Romanurn
1007 1880 1113 1940 Brevis
1127 1882 1169 1941 le·

207 1965 286 2033 ctio,
311 1981 364 2025 seu
387 1960 570 2038 Capitulum,
592 1963 671 2040 quod
694 1963 803 2024 dicitur
824 1965 854 2021 in
876 1960 935 2022 fine
958 1960 1089 2032 Primae,
1113 1979 1167 2038 pe

207 2047 297 2107 tendo
319 2051 418 2106 tamen
434 2044 670 2105 benedictionem
682 2044 720 2104 ab
735 2044 990 2105 Hebdomadario:
1004 2061 1065 2120 quo
1080 2045 1169 2104 brevi

205 2126 344 2206 Capitulo
368 2127 464 2194 lecto,
494 2124 689 2204 subjungitur
710 2144 727 2185 a
751 2126 889 2187 Lectore.
921 2123 964 2185 To
984 2136 1086 2187 antem
1105 2125 1171 2185 Do·-

205 2230 296 2271 namr.
1077 2248 1081 2253 ·

248 2290 301 2352 lV.
326 2288 411 2351 Circa
435 2288 557 2349 modum
582 2287 704 2365 legendi
723 2289 751 2348 in
772 2288 874 2350 Chore
896 2288 1160 2367 Martyrologium,

205 2374 315 2434 Lector
336 2377 440 2434 exacte
456 2387 578 2432 servare
594 2371 682 2430 debet
697 2370 904 2448 dispositiones
919 2372 1068 2432 Rubricae
1084 2369 1167 2430 llar-

207 2453 355 2533 tyrologio
377 2452 549 2530 praefixas3
577 2452 657 2512 idem
683 2452 789 2512 Lector
810 2455 955 2514 accedere
975 2453 1086 2516 debet,
1113 2453 1167 2512 de-

208 2543 287 2596 tecto
310 2537 417 2612 capite,
442 2537 479 2594 ad
505 2535 604 2612 legib,
629 2552 721 2610 snper
742 2551 802 2609 quo
825 2535 993 2610 ponendum
1016 2541 1063 2595 est
1084 2534 1166 2592 Mar·

207 2619 402 2696 tyrologium,
427 2613 458 2677 ct
480 2617 644 2693 praemissa
667 2615 756 2676 Cruci
778 2616 889 2676 Alianis
913 2616 1094 2681 reverentia,
1114 2615 1163 2674 vel

207 2698 429 2778 genuflexione,
454 2699 629 2774 praesertim
653 2697 677 2756 si
699 2695 928 2758 Sacramentum
951 2698 1059 2759 aderit.
1076 2695 1164 2769 Quod
1260 2769 1267 2782 υ

207 2785 232 2842 si
256 2783 452 2859 praecipuum
476 2780 596 2857 aliquod
619 2777 743 2838 Festum
767 2780 813 2838 vel
837 2777 956 2840 Patroni
973 2797 1081 2838 nomen
1098 2796 1163 2856 pro·

208 2866 392 2926 nunciatur,
427 2861 494 2922 fieri
516 2863 605 2924 debet
631 2862 669 2920 ab
690 2860 830 2920 omnibus
857 2864 1027 2922 reverentia
1056 2860 1163 2938 capitis

207 2945 366 3006 detectioni
388 2949 419 3004 et
441 2943 623 3005 inclinationi
646 2939 816 3017 conjuncta.
841 2942 967 3018 Speciali
998 2950 1100 3004 autem
1114 2939 1163 3001 So·

208 3027 384 3092 lemnitate,
409 3029 439 3085 et
460 3027 530 3088 Ritu
553 3027 582 3085 in
605 3023 742 3083 omnibus
765 3020 907 3083 Ecclesiis
928 3025 1042 3084 cantari
1065 3024 1159 3088 solet,

206 3114 238 3170 et
258 3109 348 3170 debet
369 3106 617 3186 Martyrologium
651 3107 681 3164 in
707 3104 814 3180 Vigilia
837 3103 1008 3165 Natiuitatis
1031 3104 1158 3165 Domini.

207 3189 289 3251 Finis
310 3199 341 3254 et
363 3206 471 3266 scopus
493 3187 532 3247 ob
554 3207 645 3264 quem
668 3180 801 3246 Ecclesia
823 3189 947 3263 singulis
970 3187 1076 3250 diebus
1099 3191 1161 3264 post

208 3273 341 3333 Primam
365 3273 420 3348 legi
444 3271 536 3330 voluit
558 3269 821 3348 Martyrrloginm,
839 3269 895 3329 brit
916 3268 1051 3345 prolecto
1066 3273 1099 3328 ut
1113 3285 1160 3326 co-

207 3372 277 3414 rum
293 3355 371 3414 lacta
386 3352 552 3419 imitemur,
577 3369 706 3427 qrrornm
730 3351 828 3410 exitus
849 3351 1047 3411 admiramur.
1071 3349 1159 3410 Prae-

209 3436 291 3496 clare
307 3435 491 3511 Augustinus
503 3432 600 3494 Serm.
620 3430 659 3490 ta
674 3431 712 3492 de
727 3429 854 3492 Sanctis:
864 3431 1070 3493 solemnitates
1083 3429 1163 3492 Mar·

210 3526 314 3596 tyrum
343 3515 565 3575 exhortationes
581 3514 799 3593 martyriorum
820 3524 902 3584 rant,
926 3523 959 3573 ot
972 3513 1093 3575 imitari
1105 3530 1162 3574 noa

206 3599 319 3679 piacet,
343 3595 422 3675 qnod
442 3597 589 3656 celebrare
611 3595 748 3656 delectat.
770 3594 899 3656 Illorum
920 3604 1022 3656 antem
1043 3596 1162 3656 nomine
