2567 4042
617 186 843 258 *Mitti*

258 333 318 391 que
339 315 432 375 hahet
456 315 600 375 virtutem
622 315 660 374 ad
682 314 846 376 daemones
867 313 1072 390 expellendos,
1098 319 1131 373 ut
1151 331 1202 390 pas-

254 398 311 457 sim
325 396 430 457 Patres
445 400 606 466 testantur,
620 396 671 472 qui
686 394 863 458 Orationem
888 397 984 472 ipsum
999 401 1199 472 exposuerunt.

255 476 393 541 Secundo
416 475 561 538 Salutatio
576 477 735 554 Angelius,
759 496 838 554 quae
860 477 917 538 luit
937 477 1021 554 origo
1038 477 1203 536 iucarnatio

255 561 301 620 nis
315 557 384 620 Filii
400 559 466 628 llei,
483 558 723 620 contremiscere
738 566 769 620 ct
785 562 849 638 ipsa
865 559 936 620 lacit
951 559 1115 618 diabolum.
1133 555 1202 638 Sym-

254 641 355 704 bolum
369 642 597 718 Apostolorum,
614 657 688 702 curn
703 638 788 704 Fidei
812 641 1032 721 professionem
1055 641 1083 700 in
1099 657 1131 700 se
1145 657 1202 699 con·

255 725 357 792 lineat,
380 740 415 782 ae
430 719 547 784 Fidem
567 724 704 790 excitet,
727 727 812 784 reete
836 725 866 782 in
889 722 1109 784 exorcizatione
1131 722 1201 782 adlii-

253 805 353 874 betur‚
378 812 413 864 ut
433 822 487 883 per
507 806 587 883 ipsos
601 802 687 864 Fidei
709 806 854 866 articulos
879 803 906 862 in
923 801 1067 882 Symbolo
1088 812 1198 864 eonten-

254 894 299 950 tos
320 887 458 960 diabolus
474 886 678 965 propulsetur.
692 883 816 954 Juvabit
831 891 988 962 praeterea
1004 902 1096 962 super
1112 886 1197 962 ipsum

252 970 407 1028 obsessum
427 967 584 1028 Canticum
602 965 750 1042 Deiparae
767 967 900 1045 Virginis
923 969 1062 1027 recitare.
1081 964 1138 1028 Per
1152 967 1198 1027 troc

253 1050 333 1110 euim
362 1047 520 1110 Canticum
549 1049 677 1108 daemon
712 1050 915 1112 reminiscitur
944 1048 1088 1109 victoriae
1119 1066 1198 1126 super

253 1132 351 1209 ipsum
374 1129 522 1191 aClrristo
538 1135 720 1211 reportatae,
744 1136 775 1191 et
790 1132 950 1209 praecipue
974 1129 1127 1207 perillum
1142 1147 1199 1192 ver·

256 1213 398 1280 siculum,
421 1209 504 1272 Fecit
520 1213 687 1292 potentiam
708 1214 743 1272 in
763 1212 886 1272 orontio
908 1231 981 1278 suo,
1004 1211 1141 1288 dispersit
1159 1230 1201 1270 sn·

250 1294 358 1374 portos
372 1302 468 1354 mente
483 1292 583 1353 cordis
596 1295 655 1354 sui.
671 1291 815 1371 Denique¹
834 1294 1003 1370 peculiares
1025 1294 1126 1354 selecti
1141 1299 1200 1352 sunt

254 1377 371 1453 psalmi
387 1375 433 1434 ab·
447 1375 603 1436 Exercista
630 1376 661 1434 in
683 1376 901 1436 exorcizatione
923 1375 1122 1435 obsessorum·
1135 1375 1199 1434 reci-

254 1458 356 1526 tandi,
379 1457 458 1532 queri
489 1458 581 1516 iniis
604 1456 792 1534 potissimum
815 1456 928 1533 aliquid
949 1457 1048 1524 inest,
1073 1475 1131 1534 quo
1151 1453 1197 1515 llei

253 1539 401 1599 auxilium
422 1539 614 1615 imploratur,
641 1538 689 1598 rel
711 1538 848 1602 diabolus
869 1539 1065 1606 deterretur,
1082 1537 1198 1617 'expelli-

254 1624 376 1695 iurque.
461 1657 470 1672 .
