2567 4042
583 206 788 280 *56*

214 354 261 397 ma
283 335 443 403 Topanta,
468 353 546 413 quae
567 353 605 398 ex
625 336 762 397 omnium
783 335 966 413 scriptorum
988 330 1136 394 wntcutia
1151 371 1167 399 ,

215 424 245 478 ct
265 436 303 477 cx
326 423 447 495 recepte
469 415 622 479 Ecclesiae
645 419 757 497 praxi,
780 417 888 495 quovis
910 414 978 476 anni
1000 421 1138 491 tempore
1152 453 1165 480 ι

215 499 348 576 qualibet
368 501 441 568 dic,
466 517 501 560 ac
523 499 598 559 hora
630 506 662 560 ct
682 501 750 560 loco
771 497 903 575 conferri
924 501 1035 576 potest.
1058 493 1170 573 Neque

216 580 328 644 habeut
349 590 505 678 ppaeterca
527 581 627 642 locum
649 580 782 677 inillis,
804 582 858 658 qui
880 578 1171 675 Minorem-udices

212 661 949 827 littilttltttt'illtintiti
964 659 1171 818 {ltilfftt
1238 805 1241 811 ,

211 844 275 897 nc,
304 831 418 898 extra,
438 825 489 886 ‘de
515 822 706 904 Temporibus
733 822 971 887 ordinationum
998 842 1054 900 pro
1073 822 1171 883 colla·

212 908 293 967 tionc
314 907 467 968 Minorum
482 904 641 977 Ominum,
666 925 725 966 uon
744 923 950 983 quoscumque
971 904 1037 964 dics
1058 903 1168 972 lecim,

211 989 263 1048 aed
286 987 433 1050 solemnes
454 987 550 1048 credit
571 988 777 1066 intelligendos
794 991 812 1058 ‚'
827 1005 902 1063 quos
922 985 1031 1048 Eletus
1060 991 1092 1047 ct
1112 1003 1166 1060 po·-

208 1069 301 1154 pulus
323 1069 360 1130 de
382 1073 545 1148 praecepto
572 1069 749 1137 celebrant,
772 1073 942 1144 vocantque
961 1069 1001 1128 ab
1021 1066 1170 1145 operibus

212 1150 383 1211 servilibus.
406 1149 473 1211 Non
489 1149 609 1211 vidctur
632 1155 733 1211 tamen
753 1149 991 1211 addubitandum
1011 1166 1052 1209 ex
1073 1147 1171 1209 nostri-

211 1231 336 1292 ltornani
355 1231 535 1294 Pontificalie
550 1232 691 1303 Rubricn,
706 1238 738 1294 et
755 1250 797 1294 ex
812 1233 964 1292 communi
980 1229 1167 1291 Dioeccseon

165 1331 169 1340 ·
216 1313 440 1381 consuetudine,
458 1315 530 1392 quin
554 1314 589 1374 iis
610 1314 727 1382 dicbus,
743 1315 851 1390 quibus
871 1312 1012 1374 Officium
1032 1310 1170 1373 aurini

212 1393 324 1472 duplici
345 1397 527 1462 celebratur,
544 1396 614 1457 licet
634 1395 700 1456 dies
720 1392 894 1457 lestus‘non
917 1395 967 1466 sit,
983 1399 1015 1456 et
1036 1392 1167 1471 populus

211 1475 249 1535 ab
271 1477 412 1554 operibus
434 1475 591 1538 servilibus
612 1492 671 1536 non
693 1494 727 1536 ee
748 1477 911 1544 abstineat,
924 1477 1021 1553 possit
1040 1471 1171 1551 Episom

213 1573 268 1632 pus
301 1559 415 1636 aliquos
436 1555 603 1618 Minoribus
623 1555 789 1620 Ordinibus
819 1558 974 1637 insignire.
1003 1557 1105 1634 Atque
1135 1554 1172 1615 id

212 1638 332 1714 quidem
355 1641 462 1700 docent
484 1640 585 1716 plnres
607 1638 753 1718 Theologi
774 1647 806 1702 et
826 1639 1017 1701 Canonistac.

252 1718 325 1782 Xll.
350 1721 434 1782 Varii
456 1721 507 1782 liic
528 1720 698 1797 explicandi
719 1726 789 1784 arnt
809 1724 896 1789 ritru,
911 1739 989 1796 quoa
1009 1719 1172 1798 juxtave·-

213 1805 310 1864 tcrcm
332 1802 527 1880 disciplinam
540 1803 624 1862 initio
638 1802 843 1864 Ordinationis
863 1802 952 1864 solita
967 1808 1015 1862 est
1028 1799 1169 1862 Ecclesia

212 1895 371 1961 usurpare.
395 1883 611 1950 Primus‚ritus
632 1890 690 1954 eet,
707 1890 742 1946 ut
761 1884 917 1945 ordinandi
936 1900 1043 1946 omncs
1063 1883 1095 1942 in
1108 1880 1172 1942 Eo·
1262 1919 1265 1943 l

210 1965 301 2026 oleris
327 1985 360 2028 se
381 1972 598 2044 praesentent,
624 1967 688 2027 sire
716 1965 754 2026 ad
778 1966 861 2027 illam
882 1965 1057 2043 procedant.
1072 1962 1169 2036 ,Οιιιο
1264 1973 1265 2011 ῑ

211 2049 420 2122 praesentatio
442 2066 495 2109 seu
518 2050 673 2126 processio
695 2053 796 2109 mutae
810 2052 880 2108 crat
899 2047 971 2107 olim
993 2045 1172 2106 solemnita-

211 2128 260 2200 tis,
277 2136 311 2192 ut
330 2131 360 2190 in
377 2127 513 2192 Ecclesia
528 2130 666 2190 Romana
679 2127 847 2189 Ordiuandi
869 2129 898 2188 in
919 2128 1066 2188 comitatu
1082 2125 1168 2187 Smn-

210 2213 253 2270 mi
274 2210 427 2293 Pontificio
448 2229 520 2272 cum
534 2209 622 2271 Clero
644 2214 677 2272 ct
697 2210 807 2288 populo
827 2209 960 2270 Litanias
980 2214 1108 2270 canente
1130 2205 1173 2268 ad

210 2290 377 2355 Ecclesiam
399 2293 468 2352 Divi
489 2292 570 2358 Petri
592 2292 804 2370 procederent.
825 2289 1082 2368 quemadmodum
1105 2295 1174 2350 tra·

211 2371 255 2436 dit
277 2381 363 2436 vetus
383 2372 466 2434 Ordo
480 2373 647 2444 Romanus,
662 2373 724 2433 Tit.
745 2371 884 2448 Qualiter
902 2373 938 2431 in
952 2371 1095 2434 Romanu
1109 2368 1172 2431 Ec·

212 2455 301 2518 cleric
327 2454 456 2516 Ordims
476 2456 566 2538 fiant.
589 2457 676 2517 Ritus
696 2456 775 2516 alter
791 2461 850 2522 est,
866 2457 904 2516 ut
922 2451 1088 2513 Οιᾱίιιιιιιιίἰ
1116 2469 1168 2530 co·

214 2534 451 2614 ram-Episcopo
473 2539 503 2597 in
524 2534 661 2598 Ecclesia
694 2553 763 2596 oum
784 2536 891 2596 habitu
921 2551 958 2594 ac
989 2538 1114 2594 tonsura
1135 2550 1170 2593 se
1267 2574 1268 2577 ,

218 2624 422 2692 praesentent.
446 2617 569 2680 Tertius
589 2619 667 2678 ritus
688 2624 758 2686 cst,
782 2617 887 2694 utqui
918 2616 1077 2676 ordinandi
1097 2619 1172 2675 aunt

213 2699 311 2761 ierant
337 2717 439 2762 sacras
470 2705 575 2762 secum
607 2705 708 2760 vestes
733 2697 840 2759 Ordim
867 2715 922 2758 sno
953 2702 1171 2775 congruentes.

214 2779 350 2854 Quartus
373 2781 474 2853 ritus,
496 2797 589 2859 quem
610 2787 749 2842 nostrum
771 2776 946 2840 Pontificalc
967 2777 1171 2856 praescribit,

215 2869 264 2925 est
282 2908 289 2935 ‚
313 2868 348 2926 ut
368 2864 552 2940 quicumque
566 2861 730 2934 Tonsura,
753 2860 803 2921 vel
816 2861 1059 2938 quibuscumque
1072 2857 1175 2919 otoo

216 2947 306 3008 nibus
327 2946 503 3015 initiantur,
520 2945 615 3004 ¹unico
637 2944 742 3007 demto
762 2941 963 3020 Episcopatu,
987 2958 1057 3004 cum
1077 2939 1174 3001 veeti-

216 3028 274 3088 bus
296 3042 349 3087 suo
364 3025 471 3088 Ordini
495 3026 743 3088 convenientibus
763 3023 861 3082 induti
885 3020 1020 3094 luerint,
1045 3039 1172 3084 cereum

217 3109 412 3170 candelamve
433 3125 524 3168 mauu
548 3111 823 3184 poscentemque
843 3103 1000 3172 ardentem
1020 3102 1175 3180 Episcopo

219 3184 383 3250 ordinatori
411 3189 567 3258 citerani,
589 3188 678 3268 juxta
699 3186 774 3247 illud
794 3183 906 3245 Christi
928 3181 1074 3245 Dominiz
1100 3181 1176 3244 Sint

219 3273 314 3333 temti
335 3270 427 3333 oertri
444 3270 627 3350 praecincti,
654 3278 683 3329 ct
704 3271 845 3329 lucernae
867 3265 1005 3327 ardentes
1025 3267 1059 3326 in
1073 3265 1174 3325 m·-

219 3355 277 3412 lur'
302 3352 432 3420 cestria,
460 3356 494 3411 ut
516 3350 646 3411 habetur
679 3351 709 3408 in
730 3347 894 3426 Evangelio
921 3347 1023 3410 Sancti
1043 3346 1173 3414 Lucae,

220 3433 295 3512 Cap.
319 3432 362 3504 X;
380 3435 455 3502 sire,
474 3436 507 3492 ut
528 3432 673 3502 indicent,
695 3431 777 3507 quod
799 3430 837 3489 ab
857 3431 924 3507 ipso
944 3427 1094 3507 Episcopo
1113 3425 1175 3489 01⁴
1202 3442 1206 3447 ·
1267 3506 1268 3509 ¹

219 3513 403 3575 dinationem
432 3512 604 3574 celebrante
636 3512 790 3572 doctrinae
811 3512 913 3572 lumen
933 3511 1118 3590 accipiant,
1141 3512 1176 3568 et
1267 3512 1268 3545 ³

117 3611 119 3614 ·
221 3597 370 3660 creditum
392 3593 448 3656 sibi
470 3594 628 3672 populum,
648 3593 752 3653 divino
772 3593 908 3672 justitiae
930 3591 1052 3656 lumine·
1066 3608 1175 3655 acccu-
