2567 4042
439 204 666 276 middffl·

85 354 114 394 ce
130 336 283 397 versiculis
314 337 481 403 conmotis,
506 354 583 412 quos
610 335 703 397 edidit
731 337 866 397 loannes·
891 337 927 399 de
949 334 1025 397 Gar-

83 418 169 477 iandia
190 420 219 476 in
243 414 437 497 synonymis:

153 542 209 605 Dic
225 562 334 614 arcas,
352 546 465 613 thecas,
482 545 590 614 cistas,
606 548 649 605 cel
665 547 796 613 scrinio,
820 544 920 628 <rupeas
932 566 942 603 :

155 626 304 703 depecta,
321 629 464 704 capsella,
482 625 516 685 de
532 646 620 708 copto
636 627 860 689 diminuuntur.

83 752 121 813 lle
140 751 312 830 hujusmodi
336 754 431 832 capsis
453 770 554 813 sacras
575 752 752 814 Sanctorum
768 750 910 831 Reliquas
932 751 1025 811 conti·

84 834 211 893 uentibus
234 834 349 893 iaciunt
371 833 481 911 passim
505 836 686 896 mentionem
713 836 825 913 antiqui
857 852 912 895 non
936 834 1025 895 modo
1115 856 1117 861 ·

82 915 239 991 Scriptores
261 915 471 985 Ecclesiastici‚
489 918 540 977 sed
555 918 645 976 etiam
662 918 761 978 Sancti
776 916 891 978 Patres.
909 914 1023 976 Huius·

81 998 153 1058 modi
186 1014 292 1073 capsas
313 1005 534 1059 censneveruut
563 996 666 1059 fideles
697 1018 792 1068 auro,
816 1004 961 1077 argentn,
986 1014 1022 1073 aq

82 1080 201 1155 gemmis
222 1080 346 1147 ornari;
371 1081 414 1139 uti
436 1080 540 1140 sidere
561 1088 608 1141 est
629 1082 708 1157 apud
732 1080 915 1159 Eginardum
931 1079 1022 1140 Libro

82 1160 106 1222 ll
125 1162 169 1222 De
195 1162 391 1220 translatione
420 1160 632 1241 Reliqeicrum
658 1160 711 1224 SS.
737 1162 910 1242 Martyrum
938 1160 1023 1222 Mor·

82 1244 175 1303 scillei
186 1286 194 1310 ‚
218 1253 246 1302 et
265 1240 369 1307 Petri,
392 1240 495 1320 Capite
517 1243 575 1304 tx.
599 1242 689 1304 Plura
712 1245 748 1305 de
770 1246 874 1305 eadam
893 1262 924 1304 re
940 1245 1022 1304 testi·

81 1326 173 1385 monia
194 1324 305 1399 passim
328 1326 461 1386 inuenies
483 1326 562 1404 apud
588 1326 806 1387 Bollandianos.
835 1327 921 1401 Quod
943 1327 1024 1385 insu-

80 1425 130 1482 per
150 1406 256 1467 talium
279 1423 438 1483 capsarum
459 1408 695 1469 benedictionem
711 1414 845 1485 spectat,
864 1414 1024 1482 antequam

80 1492 105 1547 iu
125 1489 196 1566 ipsis
218 1504 320 1549 sacrae
342 1486 499 1565 Reliquiae
520 1490 736 1555 recondantur,
762 1493 834 1551 ritus
857 1496 902 1551 est
923 1487 1024 1549 Ennia

81 1572 136 1631 siae
158 1572 374 1645 pervetustus,
397 1586 530 1649 eumque
553 1560 714 1631 renovavi!
731 1571 761 1631 S.
786 1571 910 1632 Carolus
935 1568 1025 1631 Parte

81 1652 118 1711 ltl
144 1653 295 1711 Actorum
324 1648 473 1714 Ecclesiae
502 1652 758 1721 Mediolanensis,
787 1650 1026 1713 instructionum

79 1732 217 1795 detricos
239 1731 474 1796 Ecclesiasticae.
491 1734 564 1812 Cap.
581 1734 668 1796 XVI.
686 1734 791 1813 Neque
813 1754 886 1795 vero
908 1742 1022 1797 temere

79 1820 105 1873 in
126 1816 224 1877 thecis
247 1816 437 1893 iaculisque,
462 1834 514 1877 seu
536 1819 633 1895 capsis
665 1819 858 1879 includendae
890 1823 958 1877 sunt
980 1834 1026 1877 sa·

79 1916 148 1957 crae
175 1896 355 1971 Reliquiae,
380 1906 411 1958 et
436 1901 622 1960 uenerationi
655 1900 790 1959 fidelium
822 1900 1023 1975 exponendae,

79 1998 142 2039 nam
165 1979 252 2056 prius
276 1980 434 2058 diligenter
461 1982 625 2041 examinari
653 1988 683 2043 et
709 1983 867 2060 approbari
897 1982 933 2041 ab
955 1978 1026 2057 Epi-

78 2078 163 2138 scopo
184 2059 319 2129 debent,
347 2067 467 2122 servato
500 2065 676 2141 praesertim
710 2062 831 2123 Consilii
859 2062 1024 2121 Tridentini

77 2144 205 2205 Decreto
238 2142 375 2204 Sessione
395 2144 490 2204 XXV
512 2146 556 2204 De
578 2145 791 2214 lanceatione,
814 2145 1024 2212 ueneratione,

78 2236 103 2284 ct
124 2224 275 2302 Reliquias
300 2222 488 2287 &ociorum
512 2226 593 2287 luter
620 2233 739 2288 caetera
761 2224 945 2305 Episcopalis
968 2224 1025 2285 sol·

78 2306 235 2367 licitudinis
257 2324 400 2378 munera,
424 2309 497 2369 illud
515 2311 607 2369 etiam
630 2314 683 2376 est,
709 2312 797 2386 quod,
815 2308 1024 2370 Ecclesiastica

79 2387 313 2456 nomenclatura,
330 2389 440 2450 dieitur
461 2390 668 2451 authenticam
683 2390 844 2468 Reliquiae.
862 2391 906 2450 De
922 2390 1025 2449 obser·

78 2471 182 2531 caudis
206 2469 245 2529 ab
264 2467 412 2548 Episcopo
443 2474 472 2531 iu
494 2473 731 2534 authenticandis
764 2473 908 2549 Reliqniis
941 2490 1027 2545 prae-

82 2550 280 2612 clarissimam
300 2552 548 2614 dissertationem
583 2556 737 2616 adomavit
763 2555 898 2615 Andreas
919 2552 1027 2614 Hiero·

82 2651 188 2713 murus
211 2632 429 2696 Andreuccius.

115 2715 172 2775 ill.
198 2710 243 2774 Dc
265 2715 330 2776 loco
351 2718 380 2776 in
403 2735 463 2794 qno
484 2734 587 2779 sacrae
601 2716 756 2795 Reliquiae
778 2720 889 2781 debent
903 2734 1023 2779 conscr-

77 2799 165 2863 vari‚
192 2797 297 2873 regula
319 2800 464 2877 generalis
485 2804 530 2859 est
551 2806 585 2859 nt
606 2807 705 2861 sancta
729 2800 859 2879 Corpora
881 2802 1023 2877 insigues-

77 2896 132 2954 que
154 2876 339 2954 Reliquiae,
364 2900 419 2941 nec
441 2900 498 2942 non
520 2878 661 2957 Corporis
683 2901 771 2959 pars,
796 2884 825 2942 in
853 2900 911 2959 qua
941 2880 1022 2940 lilar-

78 2967 251 3037 tyrpaesus
272 2967 339 3033 est,
370 2964 393 3022 si
421 2969 521 3023 tamen
551 2963 666 3042 integra
698 2967 759 3037 sit,
795 2980 848 3025 nee
877 2962 1026 3023 collocen-

79 3048 126 3099 tur
149 3044 182 3100 in
205 3042 330 3118 privatis
352 3046 493 3110 aedibus,
518 3062 571 3104 nee
594 3046 671 3125 apud
694 3048 786 3108 laicos
815 3047 951 3106 homines
975 3043 1026 3104 sed

79 3124 105 3180 in
127 3120 276 3184 Ecclesia.
299 3126 348 3186 'db
370 3127 425 3187 hae
448 3136 547 3190 tamen
570 3128 673 3203 regula
705 3129 898 3207 excipiuntur
930 3125 1028 3204 magni

78 3200 254 3283 Principes,
277 3213 307 3268 et
328 3210 489 3287 praecipue
510 3206 662 3271 Ecclesiae
684 3209 860 3276 Praesume,
878 3226 946 3267 cum
963 3208 1029 3285 qui-

78 3284 132 3345 bus
153 3285 248 3347 Sedes
270 3289 438 3365 Apostoiiea
460 3290 607 3351 liberalius
629 3310 718 3370 agere
741 3290 915 3358 censuevit3
940 3296 970 3350 et
990 3290 1029 3349 ab

82 3368 189 3428 eadem
210 3372 539 3450 pariterprohibitione
553 3374 743 3453 excipiuntur
759 3374 914 3451 Reliquiae
930 3372 1028 3431 minus

82 3449 235 3527 insignes,
258 3470 335 3530 quas
356 3452 457 3514 fideles
479 3457 507 3513 in
530 3456 591 3515 suis
613 3456 735 3533 privatis
758 3456 900 3523 aedibus,
924 3454 975 3513 sed
997 3454 1026 3511 in

81 3530 147 3589 loco
170 3538 240 3609 apto
261 3540 293 3595 ct
314 3536 429 3597 decenti
453 3553 631 3597 conservare
653 3542 786 3616 possunt,
810 3538 852 3597 uti
875 3535 983 3612 legitur
1000 3536 1029 3593 in

82 3612 192 3672 litteris
211 3614 389 3693 Apostolicis
403 3616 564 3680 Clementis
578 3618 675 3697 Papae
689 3616 832 3679 Xfflacc
848 3622 949 3678 sancta
964 3632 1030 3675 cor·

849 3713 863 3741 4
