2567 4042
605 211 831 285 amellae

243 337 413 424 praesentia
433 352 464 406 et
485 345 566 405 uires
589 344 742 422 acciperet
755 344 846 404 ¹zelus
868 340 1062 422 Episcopalis,
1087 353 1119 406 et
1141 363 1198 404 ma·

243 427 394 506 lignorum
411 427 534 489 consilia
550 427 791 486 retunderentur.
804 421 971 488 saeculoX
986 428 1023 486 ad
1038 421 1197 487 carolense

241 506 407 572 Concilium
436 509 467 570 S.
490 508 602 570 Juliani
624 507 775 586 Reliquias
801 507 916 592 delatas
939 509 1030 570 luisse
1053 509 1199 585 perhibet

241 591 385 654 Letaldus
401 590 568 652 Monachus
580 587 767 652 Miciocensis
784 592 812 648 in
826 588 963 652 Historia
978 591 1015 651 ab
1030 593 1095 668 ipso
1110 607 1147 650 ea
1162 591 1213 651 dev

243 693 277 735 re
299 675 420 751 scripta:
443 677 474 733 in
488 672 620 732 Concilio
641 669 784 733 ilemensi
806 667 862 736 sub
878 672 979 734 Leone
994 672 1073 750 Papa
1095 671 1142 732 tx
1161 668 1197 732 s.

242 753 372 832 Remigii
402 752 517 831 Corpus
539 760 607 815 ante
629 755 766 815 omnium
789 762 962 834 cospecturn
991 770 1082 833 super
1102 753 1198 815 ditari

242 839 412 914 expositum
434 835 501 898 luit.
640 903 645 911 ⁸

279 919 340 986 IV.
356 918 395 980 Ut
410 917 610 979 Sacerdolalis
625 935 783 980 consessus
798 916 938 998 majestas
960 915 1141 998 splendidior
1157 916 1200 977 io-

243 1009 303 1072 ret,
329 1003 437 1077 suique
460 1002 683 1078 venerationem
707 1001 844 1060 omnibus
865 1001 1038 1080 ingereret,
1062 999 1201 1078 pluribus

244 1089 276 1143 et
296 1084 426 1159 antiquis
439 1080 645 1144 Consiliorum
667 1082 867 1143 sanctionibus
895 1078 1144 1160 decretum-luit,
1166 1087 1201 1142 ut

247 1170 399 1242 quotquot
419 1163 538 1245 synodo
563 1165 741 1224 interessent
756 1161 875 1232 Clerici,
900 1163 1018 1240 aliquod
1041 1163 1201 1222 induerent

246 1263 365 1320 sacrum
387 1244 623 1311 ornamentum,
649 1245 795 1324 cujusque
823 1241 973 1324 dignitatis
1004 1262 1056 1306 seu
1079 1235 1201 1304 Ordinis

246 1329 412 1406 proprium.
428 1330 510 1390 ‘Ante
532 1328 711 1408 synodum,
735 1329 850 1404 aliquot
872 1326 1123 1406 Congregatlones
1146 1335 1203 1404 pr'o

245 1406 381 1487 ejusdem
404 1411 569 1492 directione
597 1409 664 1470 fieri
692 1408 787 1493 solent
815 1411 844 1468 in
868 1411 992 1471 aedibus
1015 1405 1201 1488 Episcopali-

245 1491 319 1560 bus,
333 1493 453 1569 quibus
474 1490 640 1570 Episcopus
658 1493 815 1570 praesidet
837 1490 959 1551 indutus
981 1491 1086 1551 babitu
1107 1487 1200 1572 Prae

246 1571 358 1643 latitio,
382 1575 518 1636 llocbelo
542 1574 656 1634 scilicet
687 1578 719 1635 et
741 1573 911 1634 Mezzetta:
940 1591 1009 1634 cunr
1040 1572 1074 1632 ad
1098 1569 1203 1632 Eccle-

247 1655 323 1714 siam
347 1657 484 1725 accedil,
507 1654 662 1734 synodum
686 1657 880 1733 incepturus,
903 1655 950 1714 vel
975 1660 1201 1732 prosecuturus,

245 1736 355 1798 incedit
376 1739 496 1798 indutus
511 1733 628 1814 Cappa:
655 1739 832 1818 priusquam
854 1755 958 1816 preces
975 1737 1096 1806 recitet,
1122 1751 1201 1812 quae

247 1815 393 1896 cujusque
415 1819 553 1880 sessionis
576 1820 659 1878 initio
682 1817 823 1879 dicendae
846 1825 931 1888 suut,
959 1825 1077 1895 praeter
1099 1833 1203 1892 super-

246 1898 405 1975 pelliceum
423 1902 577 1961 Amictum
602 1907 632 1960 et
648 1899 772 1968 siclam,
791 1900 886 1962 induit
901 1899 1034 1961 Pluviale
1045 1899 1200 1959 rubeum:

249 1981 277 2038 iu
300 1979 424 2042 solemni
445 1982 681 2060 supplicatione,
706 2001 781 2059 quac
804 1999 874 2042 cum
897 1983 1044 2062 universo
1060 1977 1148 2040 Clero
1167 1981 1203 2040 'in

244 2060 354 2140 synodi
377 2064 460 2124 initio
492 2070 522 2124 et
544 2062 603 2122 dne
626 2081 679 2140 per
702 2064 807 2125 urbem
832 2063 946 2144 institui
977 2063 1078 2132 solet,
1104 2064 1202 2140 pergit

243 2145 367 2208 indutus
389 2147 478 2212 Alba,
496 2144 587 2211 stola,
604 2143 730 2206 Pluviali
753 2147 842 2207 rubei
862 2144 982 2214 coloris,
1000 2143 1121 2204 Mitram
1138 2151 1202 2221 pr'e·

223 2244 227 2256 ··
245 2227 350 2288 tiosam
366 2235 397 2288 et
411 2224 596 2286 Pastoralem
607 2226 759 2288 Baculum
782 2227 932 2295 deferens
946 2227 1127 2303 easdemque
1148 2240 1203 2286 vc-

245 2315 304 2368 stes
333 2310 362 2367 in
385 2308 571 2390 sessionibusn
588 2306 789 2387 synodalibus
811 2310 928 2370 retinet:
956 2307 1087 2368 Abbates
1110 2307 1203 2386 bune-

246 2388 341 2460 dicti,
366 2390 480 2468 pariter
502 2407 572 2450 cum
596 2387 783 2451 Pluvialibus
816 2397 847 2451 ct
868 2385 965 2451 Mitris
985 2389 1200 2465 simplicibus:

243 2467 409 2548 Dignitates
430 2476 462 2531 et
482 2470 644 2538 Canonici,
667 2470 1054 2550 Pluvialibus,Planetis,
1079 2477 1109 2531 et
1131 2469 1203 2534 Dal—

224 2553 363 2612 malleis
384 2570 440 2629 pro
461 2550 607 2630 qualitate
621 2551 754 2614 Ordinis.
772 2549 818 2612 Ex
842 2556 1025 2632 praescripto
1040 2550 1203 2614 Caeremo-

244 2633 330 2694 niclis
344 2633 566 2712 Episcoporum,
581 2644 763 2714 paramenta
785 2633 887 2714 omnia
910 2645 999 2696 crunt
1021 2635 1125 2696 coloris
1145 2655 1202 2696 ru-

244 2715 303 2784 bri,
328 2717 398 2792 quia
420 2717 535 2777 scilicet
556 2717 637 2777 color
661 2716 835 2796 hujusmodi
857 2711 1036 2778 conveniens
1058 2723 1104 2778 est
1115 2715 1203 2806 xillis-

225 2815 297 2858 'sae
319 2797 357 2858 de
380 2794 491 2875 spiritu
508 2797 628 2865 Sancte,
653 2817 732 2876 quae
754 2817 792 2860 ex
815 2801 938 2876 antiquo
960 2801 1028 2867 ritu,
1052 2801 1082 2860 et?
1102 2799 1202 2859 vario-

222 2904 228 2910 ·
245 2897 315 2939 rum
337 2879 537 2948 Consiliorum
551 2882 749 2958 praescripto,
768 2881 796 2940 iu'
810 2883 943 2942 ‘Actione
960 2879 1102 2960 Synodali·
1121 2880 1203 2962 cele-

268 2962 434 3022 rari-solet.
627 2960 646 2971 ”
909 2969 919 3007 '·
1015 2997 1018 3002 ·
1054 2995 1057 3000 ·
1092 2977 1096 2982 ·
1137 2977 1139 2980 ·

243 2961 266 3043 b
287 3043 327 3102 V.
344 3041 433 3104 Teste
447 3040 582 3105 Cavanto
604 3033 738 3102 inpransi
755 3036 958 3105 Dioecesenae
971 3043 1093 3124 synodi,
1105 3042 1201 3106 Parte

246 3123 357 3202 lCap.
382 3124 469 3193 xlv,
494 3124 606 3202 duplex
628 3125 783 3186 Processio
805 3123 871 3186 lieri
894 3127 981 3197 solot3
1006 3127 1101 3187 allona
1123 3127 1202 3187 scili-

244 3211 370 3288 eetpro
393 3207 475 3267 initio
498 3205 608 3292 synodi
623 3202 633 3272 ,’
655 3205 750 3269 altera
773 3223 827 3283 pro
849 3205 907 3268 fine
931 3206 1088 3286 ejusdem,
1113 3219 1202 3286 prout

246 3288 276 3347 in
300 3286 382 3364 Actis
404 3283 556 3349 Ecclesiae
578 3289 810 3351 llediolanensls
834 3289 970 3350 liabetur.
987 3285 1033 3348 Er
1052 3295 1201 3370 'praescri-

185 3429 188 3432 ,
245 3374 297 3445 pto
318 3367 550 3431 Caeremonialis
571 3366 860 3431 Processiolllissee
890 3370 1112 3450 praemittenda
1130 3379 1199 3440 est,

246 3467 380 3524 eumque
404 3453 495 3511 ritum
527 3448 664 3527 probarit
685 3445 826 3530 synodus·
845 3452 887 3512 lV
915 3451 1108 3514 Provincialis
1129 3451 1202 3514 'Me-

246 3530 436 3592 diolanensis.
460 3533 567 3606 Quoad
591 3527 870 3597 ordinen1''sedcndl
898 3536 927 3594 in
950 3533 1091 3616 synodo,
1116 3543 1200 3595 extra

246 3629 367 3674 omnem
390 3615 624 3675 controversiam
648 3620 694 3674 est
710 3614 875 3692 ,primum
908 3623 938 3678 et
958 3617 1199 3694 spectabiliorem
