2567 4042
480 214 686 287 wffltddt·

104 344 210 417 cundc
240 344 280 406 ud
301 341 337 405 P.
361 342 570 423 Erpclbertcm
591 341 610 407 E
632 342 653 402 9
679 338 759 402 Tom.
785 338 834 403 IV
855 342 903 401 eui
924 340 1066 404 Bulleeic'

103 426 141 485 dn
162 425 335 507 appendice.
359 423 415 487 Est
435 432 466 485 et
486 426 628 503 antiquus
648 442 721 485 usus
753 423 936 483 concedendi
957 423 1060 485 induta

107 511 222 585 gentius
245 509 273 566 in
289 503 483 568 Dedicatione
512 505 677 567 Ecclesiae.
701 504 834 568 Celebris
857 522 927 580 prae
951 506 1060 567 ceteris

102 594 139 650 et
170 590 259 671 plena
289 588 348 649 fuit
368 587 627 667 lndulgentiarum
649 587 744 665 gratia
777 588 814 647 ab
836 584 1008 647 Alexandro
1029 586 1059 648 ll

103 672 266 747 impertita·
283 672 313 730 in
335 668 528 731 Dedicatione
549 670 705 731 Ecclesiae
726 666 924 736 cassinensis,
950 686 1059 747 nempe

103 759 169 813 tam
192 752 230 812 ils
255 770 332 829 quos
365 756 436 812 tunc
458 758 631 830 praesentes
662 766 727 812 esse
750 751 938 827 contigerat,
968 766 1060 827 quam

107 835 248 894 omnibus
275 835 325 909 qui
358 850 412 911 per
439 839 507 894 octo
528 835 687 893 continuos
711 830 783 893 ¹dies
814 850 851 893 eo
882 833 1061 893 conventuri

102 921 234 983 essent,
257 914 454 992 confessorem
471 913 664 991 peccatoram
687 915 867 975 absolutionc
894 930 1061 984 concessa,·

104 998 150 1057 uti
174 996 306 1057 habetur
327 996 395 1055 lib.
412 994 457 1056 ΠΙ
469 995 612 1056 Chronici
626 992 827 1063 Cassinensis,
844 992 917 1072 Cap.
934 989 1060 1056 xxxi.

105 1077 215 1155 Neque
237 1094 310 1137 vero
332 1078 458 1137 dubium
481 1081 538 1148 est,
561 1079 635 1154 quin
657 1078 750 1153 aliqui
765 1074 905 1155 Episcopi
927 1082 996 1136 ante
1012 1077 1061 1137 ln-

105 1160 283 1221 nocentinm
308 1158 351 1219 Ill
379 1157 548 1237 plenariam,
571 1158 790 1235 indulgentiam
812 1158 928 1238 elargiti
950 1164 1060 1235 essent

106 1240 209 1303 Hodie
224 1249 324 1301 tamen
340 1241 544 1319 supradictam
560 1240 733 1301 lacultatem
749 1234 837 1299 unius
860 1241 928 1300 anni
943 1244 974 1299 et
988 1258 1063 1317 qua-

104 1325 246 1402 draginta
269 1322 387 1381 dierum
416 1323 562 1384 excedere
585 1326 755 1398 nequeunt,
772 1321 836 1379 sive
858 1320 894 1381 ab
909 1338 981 1386 uno,
999 1322 1062 1382 siae

108 1426 125 1467 a
146 1405 290 1485 pluribus
312 1402 469 1483 Episcopis
490 1404 580 1465 luerit
602 1404 736 1465 Ecclesia
751 1406 953 1481 *consecrata
976 1402 1064 1480 juxta

106 1488 296 1625 sanctiggem
327 1482 452 1547 Consilii
477 1484 694 1547 ‘lateranensis
727 1486 784 1546 sub
814 1484 991 1545 Innocentio
1018 1484 1063 1544 Ill

147 1588 241 1709 gilli.
266 1645 371 1710 Postea
387 1666 478 1725 quam
494 1646 628 1709 Ecclesia
644 1646 701 1708 luit
722 1648 848 1709 solemni
865 1648 924 1707 ritu
940 1646 977 1705 ab
993 1632 1065 1727 Epi·

106 1748 207 1807 scopo
233 1736 406 1790 consecrata
422 1736 438 1800 ,'
461 1746 519 1789 non
542 1728 639 1807 potest
665 1730 794 1806 amplius
825 1729 963 1789 reiterari
985 1729 1065 1790 illius

105 1809 326 1879 consecratio,
355 1810 428 1873 Can.
458 1810 597 1871 Ecclesic's
630 1811 665 1869 dc
697 1811 921 1874 consecratione
954 1808 1024 1870 dist.
1040 1810 1067 1871 ·1

109 1894 193 1974 cap.
217 1890 404 1969 Proposuisti
429 1892 505 1973 Cap.
521 1888 640 1971 Buccis
664 1890 698 1950 de
723 1892 951 1973 consecratione
967 1888 1066 1951 Eccle-

18 2007 19 2020 ,
106 1978 187 2035 siae.
209 1973 311 2033 Variis
332 1976 432 2035 tamen
455 1974 552 2035 modis
573 1972 709 2051 contigit,
730 1979 767 2055 ut
783 1972 941 2034 Ecclesiae
963 1991 1067 2053 conse·

107 2057 208 2118 oratio
231 2054 344 2115 iterum
366 2054 469 2135 peragi
483 2054 592 2115 valcat.
615 2050 751 2114 Primum
774 2058 866 2126 enim,
885 2053 1002 2131 quando
1018 2072 1066 2115 re-

106 2154 186 2199 vera
208 2138 325 2195 constat
346 2138 382 2196 de
404 2138 629 2198 consecratione
650 2136 727 2197 lacta
761 2138 824 2198 sine
846 2136 946 2197 debita
968 2135 1066 2197 lorma

106 2226 140 2282 et
163 2220 318 2283 materia,
341 2223 440 2295 polest
466 2219 503 2278 ad
523 2214 678 2279 Ecclesiae
700 2220 838 2280 iteratam
867 2218 1068 2279 consecratio·

109 2320 183 2363 uem
207 2299 350 2360 deveniri.
375 2298 538 2367 Secundo,
561 2303 731 2361 consecrari
760 2300 871 2361 iterum
893 2306 1016 2378 potest,
1041 2302 1065 2362 si

93 2371 290 2444 ‘consecrata
311 2380 452 2458 adpareat
482 2382 520 2442 ab
541 2398 579 2441 eo
601 2383 652 2459 qui
674 2382 846 2462 Episcopali
868 2382 981 2442 Ordine
1010 2383 1066 2442 mi·
1172 2405 1178 2415 ·

108 2466 196 2526 nime
217 2462 308 2523 fuerit
328 2463 494 2541 insignitus.
517 2460 630 2534 Tertio,
654 2468 949 2525 consecrar'i'rursus
970 2470 1068 2541 potest
1137 2536 1143 2546 ¹

107 2550 179 2610 sine
194 2544 255 2607 ulla
270 2545 468 2607 haesitatione
483 2543 617 2607 Ecclesia
632 2547 693 2617 illa,
710 2560 801 2623 quam
817 2548 925 2607 merito
941 2546 1065 2622 ambigi-

108 2647 183 2691 mus
198 2642 333 2705 unquam
354 2626 447 2688 luisse
468 2633 698 2697 consecratam,
723 2648 761 2689 ex
782 2627 902 2689 Canone
925 2626 1064 2689 Ecclesia.

107 2710 242 2785 Quarto,
259 2709 284 2768 si
299 2706 434 2769 Ecclesia
458 2711 598 2770 uniuersa
612 2711 662 2770 vel
676 2711 776 2791 major
796 2730 865 2790 pars
887 2709 980 2771 luerit
994 2728 1067 2769 exu-

108 2798 185 2862 sta,
210 2791 281 2866 quia
294 2790 425 2867 priorem
448 2791 548 2851 amisit
568 2789 697 2852 [ormam
720 2798 809 2869 atque
831 2792 1066 2853 consecrationis

109 2871 321 2939 substantiam,
334 2873 445 2931 iterum
461 2877 508 2932 est
523 2875 734 2934 consecranda:
750 2874 862 2941 Glossa,
876 2880 907 2933 et
921 2873 994 2935 Cen.
1013 2871 1068 2933 Ec·

109 2955 210 3015 clasiis
225 2951 260 3011 dc
279 2953 504 3016 consecratione
518 2952 659 3014 Distinet.
678 2954 703 3015 Ι.
722 2956 856 3023 Berardi‚
879 2953 941 3014 Pax
963 2952 1068 3013 Jorda-

110 3054 170 3097 nus
194 3034 305 3110 aliique
326 3034 406 3112 apud
428 3034 626 3097 Benedictum
646 3030 721 3098 XIV
743 3039 772 3097 in
798 3036 932 3115 Epistola
953 3034 990 3093 ad
1011 3034 1068 3095 Pa·

108 3124 194 3179 trem
208 3113 425 3197 Engelbertum
446 3114 466 3180 E
487 3116 518 3177 5.
534 3116 679 3195 Idemque
695 3118 864 3189 dicendum,
881 3116 905 3175 si
927 3120 1001 3182 tota,
1017 3120 1068 3180 uel

110 3197 225 3276 maiori
247 3215 302 3274 pro
322 3204 409 3275 parte
439 3199 610 3259 destruatm
632 3200 744 3268 ruina,
769 3202 935 3259 terremotu
956 3199 1005 3259 vel
1029 3196 1068 3259 s'i·

110 3279 177 3341 mili
201 3294 284 3350 casn,
307 3278 383 3358 Cep.
408 3274 526 3359 Lipncc‘s
548 3278 583 3338 dc
601 3278 826 3353 Consecratc‘onc
841 3280 993 3341 Ecclesiae
1016 3280 1066 3341 ibi·

109 3378 174 3438 que
198 3357 386 3432 Canonistae,
403 3360 508 3421 Glossa
530 3362 560 3419 in
582 3362 698 3421 dictum
720 3359 839 3441 Capul,
863 3366 953 3437 atque
973 3362 1069 3423 Bene·

109 3443 214 3503 dictus
235 3440 311 3501 xlv
345 3443 375 3501 in
395 3441 483 3502 Bulla
504 3438 576 3501 dem
596 3442 667 3503 inde
699 3462 718 3503 a
735 3446 852 3523 primis
875 3446 965 3503 uenis
986 3442 1004 3507 E
1028 3444 1067 3504 lt

107 3531 147 3585 et
167 3522 207 3584 15
229 3522 276 3583 su'i
297 3522 433 3584 Bullarii.
450 3522 572 3596 Quinto,
597 3526 622 3585 si
645 3542 661 3583 a
684 3525 781 3602 primo
803 3525 901 3602 lapide
929 3523 1069 3585 reaedifi-

108 3610 213 3674 cetur,
237 3606 285 3665 vel
306 3601 477 3683 parictibus
491 3611 608 3668 tanturn
621 3610 793 3669 'renovetur
815 3604 966 3673 Ecclesia,
991 3623 1067 3667 nova

183 3706 242 3761 Vol.
262 3710 282 3761 l.
911 3712 929 3762 7
