2567 4042
462 195 666 270 *630¹-

89 325 159 389 dem
178 325 319 404 ¹torrntuu
334 324 466 387 babeant
487 343 618 387 numero
633 325 744 404 plurali
759 332 946 404 conceptum:
963 328 1046 391 Acci·

82 410 162 483 pite,
180 405 388 469 conmendare
409 409 580 479 uenulae,
597 417 626 467 et
647 408 779 469 lacerate
795 418 971 486 potestatem
991 413 1047 473 ius·-

82 487 220 567 qossencli
241 506 349 550 manus
376 508 467 569 super
488 487 740 566 Euerqnmsnos,
763 491 823 550 siae
844 488 1044 568 Baptizatur,

86 571 145 634 sice
170 569 414 631 Coteclaurnenos.
439 571 520 631 Scite
541 570 782 640 admouendum,
806 571 911 633 scribit
932 572 1047 637 Marte·

85 651 155 713 nius
177 650 277 711 Lib.I
299 649 334 707 de
355 653 490 729 antiquis
504 649 653 713 Ecclesiae
669 649 790 714 Rite'bus
812 650 884 729 Cep.
903 652 977 737 VIII
997 674 1046 715 nr·

86 733 180 795 riculo
196 730 272 791 VIII
287 750 371 792 num.
381 732 477 803 -XIV,
495 732 717 812 Acolythorum
731 733 877 795 Ordinem
900 734 967 795 aliis
982 737 1045 797 ion·

86 834 123 891 ge
149 813 347 877 illustriorem
362 815 601 892 nobili0remque
617 814 751 877 extitisse
767 816 797 875 in
809 815 945 877 Ecclesia
961 836 1044 894 prce·

85 897 193 956 sertim
215 894 429 965 occidentali,
452 899 559 974 utpote
580 914 711 973 quorum
734 898 937 959 ministeriam
965 899 1044 961 circs
1069 956 1072 963 r

89 979 285 1053 incruentum
301 976 418 1051 ‚Missae
440 975 630 1038 Sacrificium
653 994 728 1053 pene
757 984 856 1041 totum
878 986 1043 1041 versatur:

85 1076 157 1120 cum
189 1058 326 1132 ipsorum
348 1058 481 1119 officium
503 1060 542 1119 sit
562 1060 732 1119 luminario
758 1058 910 1121 Ecclesiae
940 1079 1045 1123 accen·

86 1139 333 1218 aerariumque
352 1141 470 1214 ninum,
494 1152 521 1201 et
541 1157 652 1219 aquam
675 1138 716 1199 ad
737 1138 966 1203 Eucharistiam
986 1143 1044 1203 nei·

84 1223 232 1284 nistrare.
250 1220 442 1299 Quapropter
462 1222 494 1281 iu
515 1241 570 1283 sun
583 1219 780 1281 Ordinationes
802 1223 832 1281 in
847 1221 983 1283 Concilio
999 1222 1043 1285 IV

83 1300 315 1379 CnrlbngInensi
336 1302 457 1362 Canone
472 1309 558 1364 sexto
580 1308 726 1363 statutum
741 1303 809 1371 tuit,
830 1308 864 1363 ut
884 1301 1043 1383 Acolqtlrus

84 1404 151 1445 curn
172 1384 357 1464 ordinatur,
372 1386 408 1445 ab
426 1382 457 1443 E
480 1385 571 1465 'scopo
593 1383 714 1463 quidem
736 1382 892 1452 doceatur,
910 1386 1044 1464 qualiter

84 1468 119 1525 in
142 1463 234 1547 officio
256 1484 310 1525 suo
330 1482 417 1541 aqere
460 1467 567 1525 abeat:
587 1464 637 1527 scel
658 1466 694 1525 ab
717 1463 938 1528 Arclu'diocono
965 1470 1044 1527 ac'ci·

83 1550 153 1622 piat
181 1547 409 1626 Ceroterariurn
432 1565 499 1607 curu
524 1546 636 1616 Cerea,
660 1558 693 1607 ut
713 1548 806 1616 sciat,
829 1565 857 1607 se
879 1544 920 1607 od
940 1564 1063 1628 neren

86 1626 188 1688 denia
211 1627 363 1689 Ecclesiae
384 1630 554 1688 luminaria
576 1631 766 1705 mancipari:
789 1626 918 1704 accepiet
942 1638 968 1689 et
992 1648 1045 1697 ur·

86 1712 198 1769 ceolum
214 1728 354 1792 noenum·
365 1707 406 1767 ad
420 1708 638 1787 suqqerendnne
654 1710 757 1769 uinum
772 1709 805 1768 in
816 1708 1042 1771 Eucharistiem

86 1790 252 1868 Sanquinis
273 1789 395 1864 Cleristi.
419 1788 539 1863 Quoin
559 1808 673 1852 canone
696 1790 768 1851 illud
792 1794 896 1851 notatu
919 1789 1044 1869 dignum

85 1879 150 1941 est,
174 1871 257 1932 ouilia
278 1871 316 1933 ab
338 1868 487 1948 Episcopo
510 1871 779 1949 proterrirerbn,
805 1890 875 1934 curn
898 1872 973 1933 hnec
997 1872 1042 1933 iu·

85 1957 256 2015 strumenta
282 1952 453 2015 cruditatis
474 1952 674 2032 Acolytbstus
696 1954 899 2031 porriguntur,
923 1953 974 2013 sed
996 1955 1041 2015 sui

85 2034 244 2100 domarat
273 2052 327 2097 eos
358 2034 448 2094 officii
478 2036 517 2097 ab
548 2037 613 2114 ipso
637 2030 787 2113 Episcopo
815 2052 880 2095 csse
906 2034 1043 2095 admoni-

85 2122 147 2176 tos:
158 2115 254 2178 Porro
276 2118 415 2194 quamvis
437 2134 542 2179 omnes
556 2117 672 2193 antiqui
687 2114 822 2177 Ritueies
836 2114 932 2183 Libri,
948 2122 983 2177 ut
999 2121 1044 2176 te·

85 2204 181 2259 statur
197 2198 335 2259 Morinos
351 2195 386 2255 ae
403 2193 506 2258 Sacris
521 2196 771 2259 ordinationibus
785 2196 866 2258 Part.
883 2193 929 2255 III
945 2192 1041 2257 Eecer·

86 2279 229 2355 alatione
252 2277 340 2339 XIII
363 2296 449 2341 uum.
474 2277 557 2346 VIII,
581 2280 676 2342 veiint
698 2285 860 2357 utrumque
883 2278 1044 2338 materiam

85 2359 122 2419 sb
150 2361 376 2424 Archidiecono
403 2360 507 2430 tradi,
531 2360 614 2425 Ordo
636 2366 735 2421 muron
756 2366 856 2429 ‚uetus
884 2354 1042 2421 Romanus

75 2444 168 2517 'apud
197 2441 384 2519 Hittorpium
417 2442 528 2503 dIserle
555 2442 759 2522 praescribit,
783 2438 1042 2527 Archidiaconurn

87 2522 205 2597 quidem
228 2525 389 2585 maurium
413 2522 494 2584 illern
516 2524 689 2601 porrigere,
706 2522 759 2583 scd
780 2521 965 2601 Episcopum
979 2522 1042 2583 ior·

87 2621 165 2665 mant
188 2607 396 2683 pronuntiare.
420 2603 509 2677 Quod
532 2602 671 2684 Synodus
692 2602 965 2681 Carthaginensis,
989 2603 1043 2665 Sn-

91 2688 327 2749 crurneotarium
350 2686 382 2747 S.
407 2683 565 2762 Gregorii,
588 2686 671 2747 Ordo
693 2685 865 2752 Romanus,
889 2685 1042 2763 priscique

89 2765 137 2826 nIii
156 2766 292 2831 Ritualcs
312 2767 396 2829 Libri
421 2767 647 2845 ceroferarium
669 2773 786 2837 vocant,
809 2760 979 2845 Ceroserolc
1001 2766 1043 2825 di·

90 2847 165 2910 ciusr
192 2869 211 2909 n
232 2848 381 2928 Gregorio
403 2846 570 2911 Turonensi
593 2851 623 2910 in
645 2848 737 2909 Libro
759 2846 803 2909 ru
828 2846 935 2911 Gloria
961 2848 1038 2911 Cora·

92 2928 259 3004 femrnm,
282 2933 357 3009 Cap.
380 2927 533 3015 cxxix.
912 2982 915 2987 .
1038 2986 1041 2991 .

129 3008 182 3071 lv.
203 3012 288 3074 Sacri
303 3019 336 3074 et
352 3009 496 3088 majores,
514 3030 550 3071 cx
566 3011 720 3073 communi
732 3009 957 3086 Tincologorum
973 3026 1041 3071 sen·

91 3092 272 3164 teuba,.itieo
295 3101 357 3155 tres
372 3094 518 3170 postremi
539 3093 685 3158 orarios,
703 3091 952 3160 Subotaconatue
971 3088 1061 3149 Dic·-

91 3180 236 3246 cuuctue‚
260 3180 293 3239 ct
313 3173 783 3253 presbyteratus-appetuntur,
813 3172 891 3248 quod
916 3172 1041 3249 propius

94 3254 129 3313 ad
149 3253 273 3321 biteris.
288 3255 493 3319 ministerium
511 3296 519 3324 ‚
538 3262 574 3328 ¹et
594 3256 675 3332 qnod
708 3256 737 3313 in
759 3272 796 3316 eo
819 3253 945 3315 offertur
968 3250 1042 3315 Sen-

93 3338 171 3395 ctum
192 3337 372 3401 &natorum
393 3336 550 3409 accedent,
573 3337 650 3398 idest
672 3338 753 3397 circa
774 3334 902 3395 Sacrum
912 3332 1040 3409 ,Domini

94 3412 204 3492 Corpus
224 3420 253 3479 in
268 3418 461 3483 Eucharistin
483 3423 686 3496 occupentur,
703 3414 921 3493 atquealiquid
938 3420 1040 3492 agunt,

33 3561 34 3566 ,
95 3496 139 3555 vet
160 3499 450 3570 consecrationes!
472 3500 693 3579 dispensando,
717 3498 765 3559 vet
787 3497 946 3560 materiam
969 3496 1041 3555 sub-

33 3595 35 3672 }
95 3576 328 3658 mininistrnndo.
343 3582 537 3660 Quamquam
551 3582 633 3643 euim
648 3596 752 3643 omues
763 3576 965 3652 Ecclesiastici
979 3573 1038 3637 Or·
