2567 4042
446 208 508 271 em
531 198 673 270 luimu-

84 326 191 397 tiuus,
219 327 385 389 monachus
406 327 638 406 Pompusianus,
664 328 714 405 qui
737 346 790 389 sax
814 327 881 389 illas
902 329 1057 409 syllabas,

85 408 209 484 quibus
231 410 261 469 in
282 417 370 471 cantu
391 413 522 480 utimur,
547 411 694 471 invenisse
717 411 823 471 sertin.
848 410 925 473 Sane
947 412 976 472 in
998 408 1056 473 Co·

82 490 213 551 dicibus
233 493 348 554 saeculi
369 490 442 560 Xl,
466 492 547 553 Libri
569 494 736 571 liturgici,
761 499 794 554 ut
815 492 1055 573 Antiphonaria,

87 572 256 647 blissalia,
286 580 317 635 et
339 574 389 635 alii
410 574 592 653 ejuscemodi
615 576 709 645 libri,
741 591 810 635 cum
834 576 910 635 nolis
930 576 1057 638 musicis

91 655 313 731 reperiuntur,
336 676 464 735 quarum
487 665 626 719 notarum
648 657 801 735 specimen
824 658 944 719 edidere
966 655 1058 737 Huga

88 734 273 811 hisnardus,
290 741 325 799 in
338 741 414 800 uatis
429 739 470 799 ud
482 737 769 799 ¹Soarumeutarium
785 757 853 817 pag.
866 738 925 811 78;
949 744 979 800 et
990 742 1056 802 lla·-

89 817 248 891 billonius,
272 823 301 880 in
316 819 429 882 Auum.
447 820 558 881 Beued.
583 829 604 882 t.
623 821 665 881 lV
681 840 749 899 pag.
767 820 840 887 632,
864 823 917 899 qni
938 821 975 883 de
998 840 1053 883 no·

93 898 168 961 tulis
190 905 312 964 musicis
334 905 490 972 caudatis,
520 904 642 964 saeculo
664 904 709 965 lx
731 904 795 963 loco
818 904 986 965 litterarum
1013 904 1061 967 als,

93 982 222 1060 pbabeti
243 985 421 1053 substitutis,
445 986 718 1047 animadversiones
741 988 897 1048 nonnullas
918 986 1057 1047 elabora·

92 1064 153 1124 uit.
178 1064 264 1127 ldem
286 1086 355 1127 non-
365 1068 459 1129 semel
482 1070 512 1127 in
527 1070 642 1146 magnis
658 1067 820 1128 Annalibus
835 1067 1056 1131 Benedictionis

94 1146 136 1207 de
158 1154 248 1209 cantu
270 1150 472 1212 ecclesiastico
493 1150 655 1214 saeculi,X
678 1158 709 1211 et
731 1148 777 1209 Xl
800 1150 946 1211 meminit.

139 1227 196 1290 111.
222 1229 269 1291 Ad
292 1232 432 1301 scholam
463 1231 627 1293 Cauiorum
654 1233 735 1309 quod
768 1250 873 1292 rursus
895 1234 1073 1311 pertinetr

96 1311 191 1372 aedes
213 1313 241 1371 in
257 1316 364 1390 quibus
379 1314 522 1375 Cantores
537 1314 653 1374 Romae
669 1314 827 1391 degebant,
850 1314 920 1375 olim
938 1312 1056 1392 Orpbe-

96 1394 295 1473 meroplium
316 1394 553 1473 appellabantur.
578 1396 756 1457 indumenta
771 1392 935 1456 Cauiorum
959 1412 1054 1472 usque

96 1475 137 1536 ad
157 1477 313 1539 saeculum
336 1477 381 1538 lx
402 1479 497 1547 iuere,
521 1486 556 1539 ut
576 1479 718 1539 observat
738 1476 902 1538 Cardinaiis
923 1476 1055 1539 Thoma-

100 1558 163 1619 sius
185 1560 214 1617 in
237 1558 445 1639 disquisitione
466 1557 500 1617 de
515 1558 686 1640 Aulipboaa
707 1559 748 1619 ad
769 1559 926 1621 introilum
948 1560 1055 1619 Missua

101 1657 168 1715 pag.
182 1639 348 1702 xillum.
373 1642 415 1701 lll
437 1639 509 1717 Cap.
526 1641 569 1702 lV
591 1643 661 1702 alba
684 1642 825 1703 nimirum
848 1642 952 1701 lunico
973 1642 1056 1701 liaeo

51 1787 55 1791 s
101 1722 222 1794 talaris,
245 1730 277 1784 et
294 1728 428 1801 planeta,
454 1741 509 1783 sau
529 1727 644 1785 casula.
668 1722 836 1783 Amalarius
858 1724 887 1785 in
911 1723 993 1783 libris
1016 1722 1054 1781 de

99 1802 316 1865 Ecclesiastiels
330 1807 434 1866 olliciis
449 1804 516 1865 Lib.
534 1804 575 1865 lll
591 1806 663 1882 Cap.
682 1804 725 1865 lv
741 1807 802 1882 agit
823 1804 860 1867 de
875 1805 1053 1865 vestimento

98 1884 275 1954 Caeterum,
292 1906 330 1948 ex
344 1906 403 1965 quo
415 1888 575 1965 colligitur,
592 1886 734 1947 Cantores
746 1888 808 1946 linc
824 1888 941 1947 vestitos
952 1886 1053 1965 saissa,

99 1967 178 2031 idest
193 1971 292 2031 tunica
308 1970 394 2030 talari
412 1972 500 2041 linea,
518 1977 548 2031 et
559 1971 672 2029 casulo.
685 1966 881 2029 Saeculoxll
895 1968 973 2029 alius
988 1983 1056 2027 mos

100 2049 138 2112 de
160 2052 341 2131 indumentis
355 2050 517 2113 Cauiorum
540 2052 719 2110 invaluerat.
735 2050 871 2111 Planelas
892 2050 972 2110 enim
996 2064 1055 2109 non

99 2134 229 2212 amplius
243 2136 408 2212 gestabant,
431 2135 483 2194 sed
499 2139 674 2194 ornamenta
690 2131 839 2194 interioris
861 2131 971 2209 gradus
987 2127 1056 2190 Cle-

102 2216 171 2300 ricis
185 2220 357 2279 communia
378 2217 552 2282 induebant,
577 2221 610 2275 ul
625 2215 719 2291 liquet
741 2232 779 2275 ex
794 2212 929 2275 Honorio
951 2212 1056 2288 Augu·

101 2298 273 2359 stodunensi
298 2297 438 2361 Gammae
454 2297 581 2358 Animae
602 2296 669 2355 Lib.
688 2296 714 2355 ll
737 2294 809 2373 Cap.
834 2291 989 2357 ccxxvi
1012 2293 1055 2353 nl·

103 2381 210 2442 mirum
226 2380 479 2461 superhumerale,
503 2381 601 2446 albam
623 2378 768 2445 tunicam,
785 2380 895 2439 lineam
911 2377 1052 2441 talarem,

105 2468 134 2518 et
151 2462 281 2523 ldteum
302 2463 342 2521 ad
363 2465 495 2525 tunicam
512 2459 774 2541 praecinpendam.
799 2461 868 2519 Mox
884 2476 957 2518 vero
973 2457 1054 2517 idem

102 2539 255 2610 Honorius
271 2547 371 2613 tradit,
397 2544 548 2622 propriam
562 2541 724 2603 Cauiorum
740 2549 854 2603 vestem
876 2539 968 2601 fuisso
984 2556 1052 2619 eap-

99 2642 192 2701 pam,
213 2645 291 2702 quae
313 2628 504 2705 postmodum
523 2624 656 2703 pluviale
678 2625 754 2683 dicta
776 2628 833 2683 est.
863 2620 909 2681 Ex
932 2622 980 2681 bis
1002 2621 1056 2697 igi·

105 2714 154 2768 tur
169 2708 318 2786 intelligis,
341 2728 430 2787 quam
447 2708 599 2767 immerito
621 2707 651 2764 in
665 2712 767 2766 cantus
784 2702 985 2764 Ecclesiastici
1000 2720 1051 2763 an-

105 2790 270 2866 tiquitatem
294 2810 328 2852 ac
344 2809 442 2853 usum·
458 2788 633 2850 debacchati
656 2788 768 2849 luerint
782 2785 980 2853 Wicleiistae,
1003 2801 1053 2844 eo·

103 2888 176 2947 sque
198 2874 291 2934 secuti
312 2874 455 2935 Calvinus
476 2872 630 2946 celerique
653 2875 826 2937 novatores,
850 2885 980 2944 quorum
1001 2866 1053 2926 de-

106 2953 260 3017 liramenta
280 2956 354 3016 alias
377 2956 479 3015 aviris
501 2949 679 3016 doctissimis
701 2970 735 3013 ac
758 2951 805 3028 pio
826 2949 980 3011 catholicis
1002 2965 1054 3009 ex-

107 3034 185 3111 plosa
205 3044 286 3099 sunt.

337 3382 485 3427 EXPLICIT
507 3381 658 3427 vetulum
680 3378 816 3423 Palmum.
