2567 4042
585 176 807 250 49326οω

222 316 271 372 tus
286 308 377 370 luisse
391 305 563 370 admittendi
579 307 745 370 haereticos
760 307 797 368 ud
812 307 989 370 Ecclesiam.
1003 305 1173 386 hnhquam·

221 390 373 454 Ecclesiae
393 387 576 466 disciplinam
605 391 634 450 in
656 389 877 451 reconciliandis
903 390 1060 452 haereticis
1082 389 1167 450 nobis

221 474 341 552 egregie
362 473 595 550 repraesentavit
608 471 640 534 S.
653 469 814 551 Gregorius
836 472 902 532 Lib.
914 471 962 534 lx
977 469 1110 548 Epistola
1126 469 1163 532 or

170 584 172 587 ·
221 557 259 618 ed
278 555 439 628 Quirinum
460 559 635 632 ceterosque
657 552 821 616 Hiberniae
842 551 1016 632 Episcopos,
1034 553 1168 614 scribens

221 640 252 700 io
274 638 349 698 baec
370 636 479 696 verba:
503 633 546 696 ,ts
558 638 694 716 antiqua
709 634 834 697 Patroni
855 636 1040 698 institutione
1056 632 1166 696 didici·

221 740 298 789 mas,
312 727 348 780 at
369 720 423 809 psi
443 717 524 804 apud
545 718 687 780 baeresim
706 718 741 778 in
759 712 918 780 Trinitatis
939 719 1058 778 nomiae
1070 717 1169 794 bapti-

219 811 344 869 zantur,
368 819 436 860 cam
457 798 497 858 ad
518 799 660 862 Sanctam
681 798 841 862 Ecclesiam
863 799 1012 868 redeant,
1036 807 1091 860 aut
1111 815 1167 860 un-

221 887 317 946 ctione
337 881 584 950 eternoacum
603 882 789 960 impositione
811 899 927 952 manns,
943 889 996 942 aot
1015 883 1076 941 sola
1092 898 1168 960 pro-

219 966 342 1044 fessione
357 961 443 1022 bidei
455 961 496 1022 ad
510 965 610 1024 sinam
625 961 734 1026 Matris
745 961 891 1024 Ecclesiae
906 972 1088 1025 reuocentur.
1101 962 1167 1024 Pri-

221 1065 289 1108 mus
309 1045 532 1121 antiquissimus
553 1044 660 1106 modus
675 1046 732 1107 luit
752 1063 897 1107 manuum
912 1044 1071 1122 impositio,
1088 1043 1168 1124 prio-

220 1128 304 1188 ribus
323 1125 385 1205 jam
409 1127 437 1186 in
453 1124 604 1188 Ecclesiae
625 1127 752 1188 saeculis
774 1129 893 1201 usitata,
917 1127 969 1189 ubi
991 1131 1165 1188 constater

219 1208 350 1271 Eusebio
371 1206 437 1267 Lib.
450 1206 508 1267 Vll
529 1206 682 1270 Historiae
703 1206 776 1288 Cap.
798 1209 819 1269 2
840 1215 871 1270 et
892 1228 929 1271 ex
951 1208 1087 1287 plurimis
1107 1206 1163 1267 Pa-

221 1292 318 1351 tribus
338 1296 370 1351 et
389 1291 590 1350 Consiliorum
607 1290 786 1352 Canonibns.
800 1291 916 1353 Verum
939 1294 1006 1369 post
1027 1295 1164 1351 exortam

219 1373 363 1433 Ariauam
386 1371 547 1442 haeresim,
564 1373 615 1447 qui
630 1389 749 1434 errores
763 1373 906 1453 abjurare
920 1372 1079 1451 cupiebant
1092 1389 1165 1433 cum

219 1455 296 1514 sacri
317 1454 486 1514 chrismatis
501 1453 641 1518 unctione
657 1457 836 1531 plerunque
852 1454 1163 1532 recipiebantur,·sive

218 1537 269 1596 illa
280 1534 462 1596 Sacramcuti
473 1533 720 1608 Confirmationis,
733 1536 812 1614 quod
826 1534 903 1598 sorte
917 1537 1060 1600 haeretici
1075 1553 1164 1613 prae-

218 1619 432 1686 termittebant,
444 1618 543 1680 viceni
558 1618 717 1689 babuerit,
735 1621 798 1680 sire
820 1619 947 1695 simplex
969 1617 1160 1680 caeremonia

178 1744 181 1749 -
218 1699 329 1764 tuerit.
354 1699 383 1758 id
404 1698 486 1776 quod
504 1699 663 1776 Theologis
683 1700 902 1762 discutiendum
924 1701 1074 1776 relinquo.
1099 1697 1162 1760 Ve-

219 1783 269 1840 nio
290 1778 325 1838 ad
349 1783 470 1841 tertium
491 1783 738 1843 reconciliationis
760 1781 881 1843 modum
904 1783 957 1859 qui
979 1784 1006 1844 in
1029 1780 1092 1840 sola
1113 1795 1164 1842 et·

218 1879 321 1924 rorum
344 1862 512 1942 ejuratione
533 1868 564 1926 ct
576 1863 646 1925 iidci
661 1863 830 1926 Catholicae
846 1865 965 1942 publica
981 1861 1163 1940 professione

218 1945 294 2006 situs
315 1950 392 2013 erat,
409 1946 567 2022 locumque
588 1947 766 2023 praesertim
782 1946 887 2008 habuit
907 1952 975 2024 post
988 1941 1118 2004 Nestorii
1133 1951 1165 2006 et

218 2025 395 2106 Eutychstis
417 2026 565 2088 baeresim
586 2029 794 2090 exortam.1Eo
815 2029 929 2106 recepti
949 2027 1035 2088 fuere
1058 2043 1164 2088 omnes

218 2109 370 2186 Episcopi,
394 2109 446 2185 qui
469 2109 497 2167 in
520 2107 673 2187 Ephesino
694 2108 824 2170 Concilio
846 2109 976 2170 secundo
997 2106 1162 2185 Eutyehcti

216 2197 248 2251 et
267 2189 409 2250 Dioscoro
436 2189 643 2252 adhaeserant.
668 2192 712 2252 lta
733 2188 859 2252 Paulum
880 2192 1086 2256 Emissenum‚
1110 2192 1164 2266 qui

217 2272 337 2332 larebat
356 2270 505 2341 Nestorio,
524 2291 582 2332 non
602 2274 686 2350 prius
708 2273 745 2334 ad
767 2273 903 2350 synaxim
924 2273 1044 2333 admisit
1064 2268 1162 2350 Cyril·

216 2354 264 2416 lus
285 2353 524 2423 Alexandrinus,
548 2371 640 2431 quam
663 2355 731 2416 dato
752 2353 852 2414 libello
873 2351 1002 2416 Nestorii
1024 2354 1163 2430 dogmata

216 2453 272 2496 suo
293 2435 402 2512 scripto
423 2435 713 2504 anathematizasset,
738 2438 781 2496 uti
803 2440 929 2497 testatur
951 2437 1014 2512 ipse
1032 2433 1163 2514 Cyrillus

217 2517 246 2575 in
261 2513 395 2593 Epistola
416 2517 453 2578 ad
469 2517 618 2580 Donatum
639 2517 791 2596 Nicopolis
808 2519 926 2599 veteris
938 2515 1023 2594 Epiri
1032 2515 1161 2593 Episco-

216 2615 300 2675 pum.
312 2596 374 2660 Nec
389 2598 468 2660 aliud
491 2602 570 2675 petit.
584 2600 616 2660 S.
628 2600 690 2661 Leo
712 2601 749 2660 ab
765 2599 921 2661 haereticis
942 2599 979 2658 ad
994 2599 1162 2660 Ecclesiam

218 2679 417 2752 redeuntibus,
441 2677 582 2758 Epistolis
599 2681 686 2742 168
703 2680 741 2741 tt
763 2687 794 2743 et
812 2679 852 2740 El
875 2697 969 2741 novae
990 2679 1138 2741 editionis.

257 2759 311 2821 111.
335 2763 498 2858 Episcopps
519 2763 716 2842 Apostolum,
739 2761 986 2834 Schismaticum,
1009 2762 1057 2823 vel
1079 2759 1162 2824 Hae·

217 2844 343 2906 reticum
365 2844 559 2908 reconciliare
580 2844 749 2913 volens,de
763 2843 835 2904 Fide
857 2847 1030 2921 interroget,
1046 2843 1160 2908 dicens:

219 2924 326 2988 Credis
340 2925 496 2986 duodecim
506 2927 651 2989 articulos
663 2925 763 2989 Fidei?
772 2927 850 3000 Quia
861 2927 973 2986 scilieet
983 2923 1066 2987 Eidei
1077 2925 1161 3004 Sym·

215 3007 328 3077 bolum,
351 3006 431 3085 quod
451 3008 537 3069 nobis
557 3009 595 3069 ab
616 3009 766 3090 Apostolis
787 3027 845 3070 nou
867 3008 994 3076 litteris,
1018 3007 1070 3068 sed
1090 3008 1161 3070 viva

212 3105 287 3150 vace
309 3091 452 3152 traditum
474 3094 530 3158 est,
554 3095 584 3151 in
604 3091 762 3153 duodecim
784 3092 891 3169 capita,
909 3091 972 3150 eive
994 3089 1157 3152 sententias

213 3171 366 3235 dividitur.
382 3170 427 3234 De
448 3172 496 3234 his
517 3171 549 3232 S.
565 3173 627 3234 Leo
649 3175 677 3234 in
693 3169 830 3250 Epistola
839 3170 964 3232 XXVII
978 3170 1015 3231 ad
1030 3169 1161 3232 Pulche-

211 3254 288 3312 riam
311 3251 487 3331 Augustam,
509 3251 613 3332 Capite
632 3259 741 3332 quarto
762 3255 889 3332 scribit:
914 3251 986 3332 Ipsa
1010 3251 1161 3318 Catholici

184 3407 187 3413 Ι
213 3334 344 3412 Symboli
362 3337 469 3405 breuis,
486 3346 515 3396 et
528 3347 635 3416 operta
656 3336 805 3415 consessio,
824 3355 898 3415 qaae
914 3333 1067 3396 duodecim
1083 3333 1161 3412 Apo-

213 3418 353 3476 stolorum
375 3417 496 3478 totidem
518 3428 559 3478 est
579 3421 700 3498 siponto
717 3414 899 3487 senteritais,
926 3427 989 3478 tom
1012 3416 1159 3477 instructa

212 3498 252 3556 sit
271 3498 433 3558 monitione
459 3502 597 3572 caelesti,
620 3508 654 3560 ot
675 3517 774 3561 omnes
797 3497 1024 3560 Haereticorom
1049 3497 1160 3580 opinio-

212 3595 262 3639 nes
281 3580 338 3639 solo
358 3581 454 3659 ipsios
470 3582 585 3658 possint
604 3580 703 3662 plodio
725 3580 909 3644 detruncari.
924 3581 1015 3646 Iiccte
1036 3580 1159 3658 insuper

755 3771 786 3802 Ι
