2567 4042
468 202 693 274 emi-'idm

95 327 188 389 laris
209 332 307 392 cicilie
327 342 368 392 ert
390 334 479 399 ratio,
504 350 596 411 quom
615 349 772 394 sacrorum
798 333 955 395 Canopum
973 336 1055 413 jubet

95 413 283 473 auctoritas.
299 412 491 476 Coemeleria
514 418 668 491 tamquam
693 416 755 475 loca
770 416 909 493 religiosa
924 416 1055 477 declara·

95 494 146 552 rit
168 490 335 556 Concilium
357 497 558 575 Lugdunense
579 494 802 575 subGregorio
828 496 871 557 X.
901 497 946 559 De
969 514 1055 559 rcus·

93 576 198 635 rentia
226 572 423 639 Coemeterils
444 579 484 638 ob
510 579 646 657 ipsorum
669 580 856 641 sanctitatem
873 579 1052 647 exhibenda,

91 657 318 719 saluberrimas
341 659 422 738 leges
443 658 637 720 zelantissimi
659 658 816 723 Praesules
843 662 871 719 in
895 662 955 721 suis
977 659 1054 721 Con,

12 761 13 816 g
92 738 176 799 ciliis
197 738 343 810 edidere,
367 761 442 819 quas
464 741 585 818 longum
607 748 687 803 esset
709 744 758 805 bic
780 760 949 804 recensere.

12 827 13 868 i
135 820 196 880 Ill.
220 820 303 883 Situs
322 826 497 901 aptior'pro
518 822 710 885 Coemeterio
738 843 803 886 esse
830 826 941 903 poterit
973 824 1053 885 ala·

11 945 13 1004 l
91 908 162 962 tere
179 904 334 967 Ecclesiae
356 908 394 966 ad
416 905 669 982 Septentrionem.
694 906 837 984 Magnum
866 912 897 969 et
918 908 1052 984 amplum

11 1062 12 1068 ἵ
91 984 134 1044 sil
158 980 398 1058 Coemeterium,
415 988 713 1065 proportionabiliter
733 990 770 1049 ad
793 1006 953 1049 numerum
970 1007 1052 1066 paro·

11 1085 12 1162 p
93 1065 295 1128 chianorum.
312 1068 423 1131 Totum
443 1086 533 1129 muro
548 1069 766 1140 circumdetur,
783 1072 858 1133 adeo
873 1077 907 1131 ut
921 1072 1052 1132 cinctum

88 1147 133 1207 ab
159 1151 243 1208 omui
266 1157 351 1229 parte
373 1158 528 1231 appareat.
552 1150 586 1210 ln
610 1154 709 1212 medio
741 1153 801 1214 alta
823 1152 903 1214 Crux
926 1152 1050 1219 ferrea,

90 1246 153 1291 seu
174 1233 267 1292 etiam
289 1251 460 1295 marmorea
483 1233 619 1294 eminere
640 1234 740 1311 debet.
765 1234 929 1297 Laudabile
950 1240 1049 1305 esset,

92 1312 119 1371 si
145 1312 176 1371 in
201 1312 392 1375 Coemetcrio
417 1321 642 1376 construeretur
663 1316 815 1393 Cappella.
834 1316 976 1377 Ceterum
999 1307 1054 1381 n'ec

93 1396 201 1462 intra,
226 1415 281 1457 nec
309 1403 396 1457 extra
416 1397 639 1459 Coemeterium
662 1398 826 1476 pendentes
858 1416 922 1458 esse
945 1398 1054 1459 debent

28 1492 32 1502 ·
92 1476 186 1543 vites,
209 1485 262 1539 aut
283 1479 408 1539 arbores
430 1478 650 1557 cujuscumque
666 1482 795 1557 generis.
812 1479 846 1539 ln
869 1480 965 1539 lronte
979 1481 1054 1541 Coe·

93 1560 218 1618 meterii
240 1566 271 1621 et
291 1578 382 1637 supra
404 1568 523 1639 portam
545 1557 610 1638 ejus
639 1562 773 1622 emineat
795 1563 883 1640 picta,
899 1578 952 1625 seu
974 1562 1053 1622 scul-

95 1645 150 1716 pta
166 1640 276 1719 ⁴Imago
298 1642 512 1703 Sanctissimae
533 1640 650 1702 Crucis.
824 1671 826 1673 ·

138 1720 193 1783 lv.
218 1723 360 1801 Quinque
377 1722 489 1785 Cruces
508 1724 558 1783 dic
573 1725 765 1801 praecedenti
781 1724 970 1787 adhibendae
985 1732 1053 1786 saint

95 1806 127 1863 in
151 1806 360 1866 benedictione
381 1806 574 1883 Coemeterii.
599 1804 658 1865 llic
681 1809 756 1867 ritus
783 1807 1000 1885 praescribitur
1022 1809 1052 1866 in

94 1884 264 1947 Pontificali
294 1887 439 1950 Gulielmi
460 1887 620 1958 Durandi,
653 1890 682 1947 in
705 1890 911 1967 manuscripto
933 1888 1054 1949 Pontifi-

8 2013 9 2018 η
95 1968 154 2029 cali
175 1968 338 2032 Christiani
359 1968 526 2049 Mogentini
550 1968 801 2047 Archiepiscopi‚
826 1976 858 2031 et
886 1972 917 2030 in
951 1974 1053 2031 nostro

8 2058 9 2116 3
97 2050 277 2113 Pontificali.
293 2051 509 2114 hccendcndas
523 2053 553 2110 in
569 2051 777 2111 bencdictione
793 2052 974 2113 Cocmelerii
987 2068 1053 2112 can·

8 2141 9 2175 i
95 2133 193 2202 delas,
217 2152 276 2194 non
297 2134 387 2195 modo
405 2135 489 2196 Libri
511 2133 709 2211 manuscripti
732 2131 930 2201 Pontificales,
948 2134 999 2195 sed
1021 2141 1053 2195 et

8 2221 9 2276 l
76 2217 213 2293 antiqui
236 2215 406 2293 Scriptores
427 2217 517 2277 iidem
541 2214 808 2279 luculentissimam
831 2214 959 2283 iaciunt,
974 2216 1053 2275 inlcr

97 2316 175 2374 quos
190 2294 379 2358 Humbertus
395 2299 432 2358 de
446 2298 603 2363 Romanis,
616 2299 647 2358 in
662 2295 772 2381 celebri
785 2315 888 2373 opere:
902 2294 947 2355 Dc
963 2295 1051 2391 modo

94 2378 574 2543 cccccccccc,
587 2376 1053 2522 thalule-,illitati

99 2541 324 2611 benedictione,
348 2543 389 2603 ila
412 2544 527 2619 inquit:
552 2540 593 2603 Et
615 2540 822 2603 accendentur
843 2541 996 2612 candelae,
1019 2543 1054 2602 in

98 2624 204 2702 quibas
225 2624 404 2701 intellipilor
419 2623 506 2685 Fidei
526 2625 668 2685 claritas.
686 2622 749 2683 Nec
771 2624 987 2701 extinguuntur
1004 2640 1053 2684 ce·

98 2706 145 2765 rei
164 2708 296 2775 accensi,
313 2706 407 2767 donec
429 2706 561 2767 totaliter
581 2707 798 2775 absumantur,
816 2712 850 2765 ut
873 2706 913 2764 ita
928 2706 1053 2766 edocea-

99 2805 184 2855 mur,
208 2788 434 2850 renerationem
457 2789 514 2847 loci
535 2794 684 2864 perpetuo
706 2786 817 2847 durare
838 2785 973 2859 debere,
998 2803 1052 2847 nec

99 2869 136 2929 ab
157 2870 221 2930 ulla
242 2870 376 2929 humana
404 2871 434 2928 vi
458 2886 545 2945 posse
567 2869 710 2946 extingui.
736 2866 841 2941 Quoad
864 2868 961 2945 ipsum
984 2885 1053 2929 can·

100 2951 238 3011 delarum
259 2967 421 3012 numerum
437 2951 555 3011 variant
569 2951 658 3027 plane
674 2950 755 3010 Libri
771 2946 967 3010 Pontificales.
986 2946 1053 3014 Dici

98 3035 160 3112 jam
193 3032 266 3092 olim
288 3033 481 3093 consuevisse
501 3031 633 3091 Litanias
664 3032 694 3089 in
716 3027 1052 3093 Coemeleriibenedi·

99 3116 209 3182 ctione,
225 3119 257 3176 et
279 3111 401 3191 quidem
421 3119 490 3191 post
504 3130 600 3187 aquae
615 3113 864 3181 benedictionem,
882 3116 999 3174 constat
1015 3128 1053 3173 ex

99 3197 232 3276 phrribns
261 3193 496 3256 Pontificalibus.
516 3192 580 3256 bct
600 3202 632 3257 et
653 3195 704 3255 ille
735 3194 875 3269 antiquus
896 3212 993 3261 usus,
1017 3200 1054 3255 ut

99 3296 154 3340 non
176 3279 268 3340 modo
300 3278 331 3335 in
363 3277 572 3339 benedictione
600 3277 780 3339 Coemelerii
809 3275 880 3335 thus
912 3281 944 3337 et
974 3294 1053 3353 aqua

98 3361 252 3422 benedicta
273 3352 502 3428 adhiberentur,
526 3359 749 3420 verumetiam
770 3358 823 3419 ubi
846 3356 981 3419 defuncti
1002 3375 1049 3420 sc-

98 3443 296 3518 peliebantur.
321 3440 460 3503 Testamr
493 3440 524 3500 id
546 3440 669 3518 quidem
691 3438 862 3502 Gulielmus
889 3440 1052 3503 Durandus

100 3525 163 3586 bib.
186 3522 247 3585 Vll
272 3526 322 3585 roi
345 3522 516 3585 Rationalis
538 3520 612 3600 Cap.
635 3520 759 3583 XXXV
788 3524 833 3583 sic
860 3522 983 3583 dicens:
1014 3518 1052 3583 Ie

96 3605 271 3684 pedamen
285 3607 360 3668 locis
376 3605 502 3685 ponitur
517 3622 598 3685 aqua
612 3604 776 3675 benedicta,
793 3614 821 3665 et
839 3620 959 3686 prusae
976 3606 1045 3663 culn
