2567 4042
463 181 687 258 *medemi-

100 333 168 376 ram
184 319 308 393 spectat,
333 335 392 392 qua
409 325 588 378 nocturnum
603 315 746 376 Ollieiunr
761 314 972 392 peragebatur,
988 330 1048 388 nort

99 396 213 475 ubique
234 399 339 459 eadem
365 399 430 460 luit.
460 399 493 460 lu
515 399 628 475 Regula
650 397 775 457 Abbalis
795 396 892 456 lsaiae
912 393 985 473 Cap.
1008 398 1049 459 5⁷

101 485 223 558 ternpus
246 481 318 540 illud
342 483 435 540 noetis
457 481 588 541 medium
611 480 798 557 appellatum
822 477 924 539 Media
943 490 1027 559 necte
1038 488 1050 549 ,⁶

99 567 193 638 atque
226 563 255 621 ln
277 560 391 639 Regula
413 562 443 624 S.
467 563 642 624 Columbaui
664 560 738 637 Cap.
761 561 793 620 7.
817 559 849 621 S.
872 560 1050 623 Benedictus

103 644 220 705 duabus
236 651 303 720 pest
319 647 450 706 medium
469 647 563 704 noctis
579 642 869 720 lteris,'surg'endum
884 659 949 703 esse
965 660 1051 722 prae·

101 726 185 802 cipit.
210 725 337 786 Veteres
358 727 498 788 Monachi
528 745 585 787 nou
607 743 711 786 omnes
732 723 836 784 eadem
859 724 953 785 noctis
974 727 1049 787 bora

99 809 289 886 surgebanl3
314 811 436 884 quidam
458 812 537 869 enim
561 811 622 885 ipsa
645 807 743 868 media
771 812 857 867 necte
879 808 1050 868 excitaban-

100 893 164 954 tur,
189 892 334 967 quales’ii
357 899 437 964 sunt,
461 910 593 968 querum
615 890 752 950 meminit
770 886 801 948 S.
815 886 941 949 loannes
951 890 1049 970 Chry-

99 978 263 1031 sostemus
288 972 319 1032 S.
336 973 462 1036 Basilius
482 971 585 1050 jubet,
609 989 681 1032 suos
703 977 748 1032 tar
770 987 823 1046 per
846 979 962 1032 noctem
984 973 1049 1032 lau-

97 1051 154 1111 des
178 1049 239 1112 Deo
254 1071 371 1125 canere,
395 1056 506 1116 scilieet
521 1057 652 1124 ineunte,
676 1054 786 1122 media,
809 1058 900 1128 atque
919 1059 1048 1116 exeunte

101 1137 201 1192 erecte.
226 1131 372 1196 Palladius
402 1138 515 1204 refert,
537 1138 690 1197 Ammonii
712 1136 870 1211 discipules
892 1143 1049 1196 eoeleste

102 1221 148 1274 tas
169 1216 280 1276 orando
296 1219 460 1279 traduxisse
482 1225 593 1280 stantes
615 1219 714 1285 modo,
738 1224 768 1276 et
788 1218 876 1276 modo
897 1219 1045 1278 sedentes.

98 1295 159 1358 'Sed
183 1315 251 1358 eum
275 1300 332 1360 illis
355 1301 535 1379 temporibus
563 1318 620 1359 non
643 1306 741 1361 esseut
761 1300 932 1375 horologia,
956 1316 1048 1374 quae·

98 1383 148 1439 rat
168 1381 274 1457 aliquis
296 1399 353 1458 quo
367 1385 459 1442 rnodo
472 1389 594 1445 statutas
616 1383 672 1442 sibi
687 1381 828 1458 surgendi
842 1382 933 1440 boras
943 1382 1047 1457 digno·

101 1478 189 1522 scere
212 1470 341 1537 possent.
359 1462 425 1524 Hoe
447 1466 567 1541 quidem
581 1482 632 1524 sex
649 1465 834 1540 potissimum
851 1463 946 1522 modis
962 1479 1048 1538 prae

97 1544 229 1603 stabant.
253 1542 449 1622 Nam'primo
477 1549 592 1623 antiqui
620 1545 786 1614 Menaeni,
810 1552 885 1604 teste
910 1542 1048 1604 Cassiano

100 1622 167 1683 Lib.
191 1624 220 1685 ll
242 1625 313 1704 Cap.
339 1627 387 1694 17,
406 1647 442 1688 ex
464 1634 586 1706 aspectu
608 1629 752 1707 syderum
775 1634 937 1687 noeturnae
959 1643 1048 1704 syna-

98 1721 173 1765 xeos
196 1707 299 1766 horam
321 1710 529 1795 explorabant.
548 1710 629 1771 ldem
652 1709 924 1770 aCluuiacensibus
946 1710 1045 1769 obser·

100 1794 205 1848 ratum
222 1790 313 1849 luisse
328 1793 489 1869 colligitur,
499 1811 536 1852 ex
553 1794 696 1855 relatione
712 1794 749 1854 de
765 1790 923 1853 tetracola
938 1789 968 1852 S.
982 1791 1048 1851 llu-

98 1872 193 1944 genis,
218 1889 294 1948 quae
308 1873 432 1934 babetur
447 1876 476 1934 iu
493 1875 677 1934 Bibliotheca
688 1873 872 1936 Cluniacensi
888 1893 956 1952 pag.
973 1872 1045 1935 tte.

98 1948 235 2012 Secundo
258 1973 295 2014 ex
311 1957 445 2017 lectionis
467 1957 647 2033 prolixitate,
672 1963 724 2016 aut
739 1957 919 2032 psalmorum
941 1974 1047 2017 nume·

101 2048 147 2098 ro,
173 2051 247 2109 quos
262 2038 436 2097 observator
451 2038 596 2105 bererum
614 2039 762 2104 recitarat,
777 2040 987 2112 praestitutum
1002 2039 1047 2097 ri·

102 2112 240 2190 gillarum
264 2123 381 2194 ternpus
403 2120 590 2196 agnoscebat.
614 2117 703 2180 Hunc
725 2121 817 2179 ritum
840 2120 953 2180 indicat·
970 2117 1047 2179 Cou-

100 2193 204 2256 cilium
226 2196 398 2262 Tureneuse
423 2201 449 2262 ll
470 2198 542 2261 Can.
566 2199 616 2263 lt.
639 2199 742 2261 Tertio
768 2219 806 2262 ex
832 2219 921 2261 cerae
941 2201 1047 2260 arden-

100 2277 140 2336 tis
163 2279 304 2342 candelae
325 2285 562 2359 consumptione.
585 2281 630 2343 lta
652 2282 845 2343 Divionenses
864 2282 899 2345 S.
923 2283 1047 2358 benigni

98 2354 339 2423 consuetudines
359 2363 431 2442 Cap.
454 2365 484 2424 6.
509 2365 624 2439 Quarto
646 2365 811 2444 clepsydris
832 2367 895 2424 sive
917 2366 1048 2441 aquariis

101 2438 265 2520 horologiis
288 2445 457 2507 utebantur.
486 2445 597 2519 Quinto
619 2447 767 2522 gallorum
790 2453 878 2507 cautu
899 2453 934 2507 ut
956 2447 1047 2522 pluri·

101 2539 187 2581 mum
210 2527 386 2602 regebantur
400 2528 551 2594 Menaeni.
574 2530 716 2606 adquam
738 2531 826 2589 etiam
849 2531 981 2591 nonnulli
1003 2529 1049 2587 vi·

100 2603 187 2680 gilias
209 2607 406 2670 celebrabunt.
433 2609 563 2688 lienique
587 2611 712 2687 posteris
733 2611 915 2688 temporibus
936 2612 1048 2673 excita·

101 2685 188 2774 toriis
208 2689 254 2748 usi
277 2695 345 2750 sunt
359 2693 532 2769 horologiis.
543 2689 597 2752 Ubi
612 2709 685 2752 vcro
699 2693 839 2769 surgendi
862 2693 936 2754 hora
958 2693 1048 2753 adve-

103 2767 203 2852 nisset,
221 2769 326 2832 iratres
341 2775 557 2840 cxeitabantur,
573 2775 664 2850 idque
686 2776 775 2835 variis
797 2776 893 2835 modis
908 2778 964 2852 pro
978 2791 1047 2835 eon-

99 2851 260 2913 suetudlne
276 2853 419 2924 locorum,
444 2860 517 2916 nutu
538 2871 572 2914 ae
586 2857 739 2916 voluntate
760 2857 923 2918 Abbatum:
945 2857 1046 2917 Primo

98 2945 176 2992 voce
198 2933 296 3012 aliqua
318 2938 405 2996 altius
428 2938 541 3014 prelata
564 2942 594 2998 et
615 2937 769 2998 decantata
787 2960 794 3010 3
823 2945 853 3000 et
874 2940 915 2999 ita
935 2940 1047 2998 excita·

101 3011 211 3073 bantur
232 3014 433 3079 Pachomiani.
458 3018 593 3079 Secundo
615 3018 711 3096 ligneo
730 3021 921 3097 crepitaculo.
945 3019 1048 3081 Tertio

101 3094 212 3156 malleo
226 3097 436 3162 dormientium
450 3101 574 3163 lratrum
586 3102 695 3162 estium
708 3104 923 3179 percutiebant.
932 3101 1046 3174 Quarto

101 3177 210 3253 squilla
231 3182 293 3242 sive
315 3185 490 3258 campanula
505 3183 667 3244 Monaehos
680 3185 855 3254 excitabant,
872 3189 906 3244 ut
921 3184 1047 3245 babetur

103 3259 133 3316 in
155 3259 216 3320 rita
237 3261 267 3322 S.
291 3263 441 3326 Benedicti
470 3265 593 3326 Abbatis
615 3264 789 3326 boianensis
810 3285 841 3326 u.
863 3265 914 3326 52.
937 3265 1048 3339 Quinto

103 3337 165 3434 sela
180 3323 337 3408 Ecclesiae
360 3366 515 3424 campana,
532 3354 566 3408 ut
587 3351 624 3406 e'x
639 3348 789 3408 Bernardo
804 3347 969 3409 Cassiuensi
991 3348 1049 3409 col·

104 3418 216 3498 legitur.
240 3428 280 3488 At
301 3447 373 3492 vero
402 3435 436 3490 ut
456 3430 492 3489 ad
515 3447 655 3490 romanos
680 3447 779 3490 mores
809 3430 888 3490 circa
909 3428 1048 3492 Matutini

105 3502 211 3564 boram
234 3510 404 3578 redeamus,
427 3512 503 3572 hacc
525 3513 554 3572 in
576 3513 701 3572 vetustis
722 3510 864 3572 Romanis
885 3510 1047 3574 Ordinibus

104 3588 307 3664 reperiuntur.
330 3593 563 3655 solemnioribus
573 3594 692 3664 dicbus,
716 3593 823 3671 quibus
845 3595 954 3672 duplex
974 3594 1048 3657 Olli·

241 3687 301 3743 llel.
320 3693 340 3743 l.
866 3693 901 3745 24
