2567 4042
610 184 671 248 Q
692 173 753 234 236
774 181 835 243 ιιι·

176 365 180 372 ,
246 312 279 365 ιιι
300 307 408 365 multa
416 322 503 368 rana,
519 312 549 363 et
564 303 649 379 plura
672 303 839 373 mendacia,
856 319 891 362 ac
907 300 1033 360 subtiles
1055 300 1194 375 deceptio-

246 404 300 446 nes
321 387 400 480 ipsis·
414 386 635 480 spectatoribus
670 384 835 446 infundant.
860 383 998 452 Secundo
1022 389 1064 442 ιιι
1085 379 1194 442 occulta

244 468 367 528 crimina
393 468 422 526 in
444 467 653 544 proximorum
675 466 818 562 injuriam
841 465 986 525 revelent.
1008 461 1111 524 Tertio
1135 467 1194 520 tan·

245 549 315 609 dem
337 555 484 608 conantur
506 549 696 608 daemones
689 549 745 624 ipsi
768 565 877 624 pravas
899 545 1095 624 cogitationes
1118 544 1194 604 cxci

128 689 135 698 ,
246 638 320 697 tare,
338 627 453 706 fingunt
474 647 507 689 se
529 630 674 705 quosdam
697 631 733 690 de
756 629 942 688 adstantibus
964 630 1100 690 metuere
1123 631 1196 684 tam·

246 728 337 789 quarn
360 710 495 778 Sanctm,
520 714 554 770 nt
574 729 669 771 ranae
692 711 804 789 gloriae
827 715 982 787 peccatum
1005 707 1166 766 incurrant.

288 791 373 852 Vlll.
387 791 489 865 Quum
506 797 628 870 peecata
644 797 678 852 ut
692 793 859 871 plurimum
875 791 934 849 sint
948 807 1048 856 cansa,
1060 788 1100 847 ob
1111 803 1196 863 quarn

245 875 328 936 Deus
350 875 505 934 bominem
528 873 632 949 puniat
653 873 806 935 daemonis
828 871 998 934 obsessione
1017 875 1132 938 ,recte
1153 869 1198 929 ad·

246 955 369 1015 modum
391 961 536 1016 statutum
558 954 626 1025 init,
644 961 677 1014 ιιι
692 955 832 1016 obsessus
855 971 939 1014 saera
955 951 1146 1012 Conlessione
1166 969 1198 1010 se

247 1037 385 1106 muniat;
410 1042 444 1097 ut
464 1037 616 1096 sciliceta
638 1037 756 1097 diabolo
779 1036 932 1096 obsidente
954 1051 986 1094 se
1009 1032 1132 1096 liberet
1158 1034 1198 1092 uti

246 1120 417 1195 complures
435 1136 481 1178 eo
504 1118 637 1178 remedio
666 1136 698 1176 se
728 1118 903 1178 liberarunt.
928 1116 1058 1177 llnltum
1080 1112 1198 1188 quidem

246 1200 349 1260 ιιιιιι
370 1199 407 1258 ad
423 1217 697 1277 energumenorum
721 1199 927 1260 liberationem
957 1195 1197 1256 Euclrarislicem

246 1279 506 1346 Communionem,
532 1280 667 1351 pluribus
681 1283 803 1358 probari
820 1284 917 1358 potest
929 1279 1088 1354 exemplis.
1107 1275 1197 1337 Varia

246 1369 346 1422 ιιιιιιιι
369 1362 428 1422 init
448 1362 521 1421 olim
540 1359 695 1423 Ecclesiae
712 1363 865 1438 disciplina
881 1363 960 1420 circa
975 1357 1198 1453 Energnmeno·

246 1464 313 1506 ruru
342 1442 604 1503 Communionem.
627 1442 715 1516 Quod
741 1445 845 1507 ἰιιιιιιιι
872 1442 980 1502 abhinc
1009 1440 1176 1501 saeculis
1170 1460 1196 1498 ιιι

245 1533 376 1601 utraque
397 1523 532 1584 Ecclesia
554 1528 788 1601 energumenis,
817 1525 869 1600 qni
892 1523 1007 1584 scilicet
1026 1521 1163 1582 lucidis'
1157 1541 1197 1580 rn-

164 1659 167 1664 .
247 1607 377 1669 torsellis
399 1606 562 1675 fruuntur,
584 1607 775 1668 Eucharislia
799 1605 988 1666 consueverit
1010 1603 1196 1679 dispensari,

246 1689 354 1766 probat
375 1688 451 1746 inter
472 1688 545 1747 alios
567 1688 735 1750 luveninus‘
754 1689 788 1748 da
810 1685 1023 1752 sacramentis,
1048 1683 1197 1746 Disserta-

247 1772 327 1829 tianc
345 1768 393 1832 JV
416 1767 599 1842 Quaestione
616 1769 657 1832 Vl
677 1769 750 1863 Cpp.
775 1769 815 1830 ll.
840 1765 944 1828 Crucis
966 1767 1050 1842 signo
1072 1767 1200 1826 Daemo-

247 1869 300 1911 nes
321 1851 437 1926 repelli,
460 1857 491 1910 et
513 1852 609 1911 multo
631 1850 727 1928 magis
749 1850 882 1928 lmagine
904 1847 1057 1916 Crucifixi,
1074 1849 1124 1923 qni
1148 1865 1199 1924 per

246 1931 376 1993 Crucem
397 1931 508 1992 inieras
530 1939 692 2009 potestates
715 1933 901 2010 prostravit,
933 1930 1078 1994 habemns
1106 1949 1145 1990 ex
1168 1930 1196 1990 S.

247 2013 340 2074 Paulo
367 2013 404 2072 ad
426 2012 627 2074 Colosseases
651 2012 736 2086 Quod
759 2031 834 2074 nero
860 2013 896 2072 ad
920 2011 1097 2072 Sanctorum
1118 2003 1205 2072 uen-

179 2141 186 2156 .
246 2097 352 2172 quias,
377 2113 442 2156 mos
463 2095 542 2172 apud
563 2093 668 2157 fideles
691 2095 840 2162 inolevit,
853 2111 904 2154 eas
925 2094 1086 2154 adhibendi
1108 2095 1198 2154 etiam
1262 2133 1263 2168 3

174 2225 180 2236 .
247 2178 300 2236 ad·
295 2175 454 2253 fugandos
475 2177 636 2238 daemones
658 2176 695 2236 ab
718 2176 855 2254 obsessis.
868 2174 951 2236 lstae
972 2173 1128 2251 Reliquiae
1151 2176 1197 2236 de·

246 2264 349 2318 center
371 2257 561 2318 exhibentur
573 2275 785 2334 energumeno,
810 2257 848 2318 ad
869 2257 1050 2318 evitandum
1067 2263 1198 2320 contem·
1258 2207 1263 2342 i

246 2345 356 2416 ptum,
377 2341 448 2415 qnia
469 2339 580 2408 sicuti,
603 2338 775 2399 virentibus
803 2338 939 2411 Sanctis,
960 2340 1126 2411 daemones
1144 2357 1197 2399 eo·
1260 2377 1261 2380 =

246 2438 313 2482 rum
341 2421 442 2480 hostes
465 2420 561 2488 incre,
586 2421 639 2479 ita
648 2425 766 2510 etpost
788 2424 917 2480 mortun
940 2439 1045 2481 eorum
1067 2422 1199 2482 ιιοιιιιιιι
1259 2375 1263 2492 i

245 2502 301 2560 bus
323 2506 392 2560 sunt
412 2501 530 2572 infensi,
548 2501 701 2577 multoque
724 2479 819 2580 riragis
841 2520 948 2562 corum
971 2502 1098 2570 exuviis,
1122 2521 1196 2579 qua·
1261 2549 1263 2580 ,

246 2600 314 2644 rum
336 2589 418 2643 tactu
440 2588 628 2660 torquentur,
653 2585 800 2651 clamant,
825 2583 1010 2650 infremunt,
1034 2601 1090 2644 nec
1112 2585 1197 2662 quie·
1260 2585 1263 2684 Ι

246 2680 331 2724 scere
354 2671 486 2742 possunt.
1262 2717 1263 2740 ,

283 2743 343 2805 lx.
368 2744 413 2804 Ad
437 2746 684 2822 interrogationes
706 2751 807 2806 antem
829 2745 909 2821 qnod
931 2717 1055 2822 spectat
1077 2748 1102 2806 si
1125 2765 1196 2824 quas
1262 2745 1263 2760 *

245 2825 313 2888 lieri
335 2831 484 2904 oporteat,
500 2827 611 2888 debent
631 2828 691 2889 ιι
683 2845 765 2906 ipsae
787 2844 868 2888 esse
875 2827 1018 2888 derebus
1040 2828 1078 2887 ad
1093 2827 1196 2905 expul-

245 2907 360 2969 sionem
381 2908 534 2968 daemonis
555 2909 802 2978 conducentibus,
820 2926 914 2984 quum
936 2907 1033 2970 solnin
1056 2909 1102 2968 ad
1117 2911 1196 2970 hunc

244 2989 402 3052 effectum
417 2990 484 3050 data
507 2991 547 3051 sit
567 2987 721 3053 Ecclesiae
744 2983 905 3066 spiritualis
927 2994 1060 3066 poteslas
1081 2991 1195 3052 exorei-

201 3114 203 3119 -
227 3072 341 3151 nandi,
357 3062 593 3151 expellendique
614 3072 787 3141 daemones,
810 3077 841 3132 et
861 3078 1082 3146 consequenter
1104 3074 1192 3134 etiam

243 3152 288 3219 ad
295 3153 414 3216 media
441 3169 517 3229 quac
539 3155 575 3214 ad
598 3153 679 3214 linae
701 3153 796 3214 linem
815 3153 997 3214 conducunt.
1018 3151 1061 3216 lle
1091 3170 1193 3214 nume-

243 3252 281 3293 ro
305 3233 509 3295 obsidentium
532 3235 735 3296 daemonnm
749 3235 943 3313 interrogatio
976 3226 1129 3296 iacienda
1144 3235 1193 3294 ob·

244 3331 326 3375 sesso
347 3315 386 3375 ab
400 3311 566 3380 Exercista
582 3317 666 3376 iuxta
689 3317 915 3395 praescriptum
923 3315 1061 3384 Rilualis,
1076 3317 1115 3376 ad
1137 3315 1193 3375 lroe

244 3396 412 3456 conducere
435 3398 522 3472 plana
543 3399 671 3475 poterit
695 3406 729 3459 ιιι
748 3399 867 3475 cognito
889 3397 1068 3458 daemonnm
1092 3415 1194 3459 nume·
1221 3429 1227 3440 ·

170 3516 172 3519 -
244 3494 300 3546 ro,
320 3478 419 3538 rirtus
440 3475 576 3538 Nominis
596 3475 708 3539 Cbristi
732 3479 1086 3575 ellicaciusappareat,
1094 3480 1192 3562 sicque

145 3582 147 3586 ,
172 3588 175 3593 ·
246 3558 327 3618 haee·
344 3559 538 3636 interrogatio
558 3559 765 3636 ad-majorem
780 3557 838 3623 liei
855 3558 1126 3637 glonnm'ojnsnne
1141 3555 1187 3620 Sd
