2567 4042
595 189 801 265 ΝΟΜ·

223 317 378 382 Tonsurae
399 320 501 389 ritus,
525 326 590 380 tum
613 321 705 382 etiam
728 320 758 379 in
785 322 961 399 pervetusto
979 316 1013 379 S.
1038 313 1174 394 Gregorii

223 400 494 469 Somumentorio,
517 402 571 462 ubi
592 403 656 480 agit
677 399 714 461 de
741 399 937 461 Orationibus
958 398 1001 459 ud
1025 397 1174 461 Clericum

221 481 408 557 faciendum.
431 482 586 556 Quantum
603 502 679 547 vero
701 483 738 543 ad
761 483 854 544 ritum
876 484 980 543 attinet
994 478 1175 545 detonsionis

223 564 401 639 capillorum
430 580 508 642 quae
530 562 715 627 Clerieatum
749 562 933 642 suscepturis
966 563 1024 623 rite
1045 562 1083 621 ab
1105 558 1176 637 Epi·

223 662 314 722 scopo
337 643 403 705 lieri
426 645 514 716 solet,
531 664 597 706 mos
618 650 666 707 est
687 646 770 708 baud
792 646 883 706 dubie
905 648 1097 721 pervetustus
1113 638 1175 703 uc·

222 726 331 787 etesiae
345 724 511 801 Romanae,
528 733 563 787 ut
582 725 736 789 Clericalis
751 728 880 805 dignitas
899 743 953 802 per
969 723 1081 796 Comae
1096 722 1175 783 Ton-
1257 721 1260 796 ἕ

221 824 323 868 uuam
356 808 518 869 tribuatur.
540 807 711 870 Tonsorem
734 810 858 885 insuper
889 808 927 867 ab
949 806 1034 865 omni
1065 804 1195 865 minori
1258 802 1260 859 ff

221 888 335 949 Ordine
355 890 479 949 omnino
500 889 669 967 distingui,
693 895 798 967 aperte
820 891 907 951 docet
928 886 1011 948 Ordo
1033 884 1175 963 antiquus

222 970 392 1037 Romanus,
415 976 506 1046 auius
526 972 734 1048 antiquissima
756 978 898 1038 sescento
919 970 1095 1030 Latinarum
1111 962 1195 1027 *Ee-n

222 1051 384 1119 elesiaruni
405 1049 601 1112 Pontificalia.
624 1050 687 1115 Cur
709 1052 917 1121 Clerieornm,
939 1050 1014 1111 dum
1037 1049 1175 1111 ordinem

222 1138 283 1201 tur,
296 1131 395 1208 capilli
410 1132 604 1203 tondeantur,
617 1134 704 1194 docet
714 1133 849 1195 Isidorus
864 1130 1050 1209 Hispalensis
1065 1129 1133 1189 Lib.
1146 1126 1174 1188 ll

223 1212 260 1271 dc
280 1211 402 1275 Divinis
427 1212 537 1297 Officiis
557 1212 631 1291 Cap.
655 1214 698 1275 IV
720 1214 774 1275 Eu
796 1225 896 1275 autem
915 1214 1040 1277 cistricto
1066 1209 1175 1273 mun·

221 1310 275 1353 rue
294 1295 425 1373 siqnum.
449 1296 530 1374 quod
550 1296 585 1355 in
605 1314 731 1376 corpore
753 1296 924 1376 fluentum,
946 1293 1053 1355 sed-in
1073 1294 1175 1352 animo
1261 1328 1262 1339 ,

216 1376 336 1458 opiter,
359 1379 467 1437 scilicet
488 1388 523 1438 ut
547 1378 601 1437 boe
623 1378 707 1457 siene
727 1378 740 1435 i
807 1378 932 1455 elipione
953 1374 1031 1438 uitio
1046 1390 1175 1435 remeen-

221 1464 284 1526 tur,
300 1467 328 1517 ct
348 1458 525 1518 criminibus
547 1461 651 1519 earnis
673 1468 737 1519 nost
820 1460 907 1537 quasi
923 1456 1057 1517 crinibus
1080 1471 1175 1514 cuun-

185 1581 190 1586 -
221 1556 290 1598 mur
311 1546 399 1617 etque
420 1538 492 1599 inde
513 1540 664 1601 innovetis
685 1542 824 1609 sensibus,
842 1540 1029 1617 sepelientes
1044 1555 1111 1606 nos,
1123 1538 1175 1615 ju·

221 1626 278 1678 uto
299 1618 485 1699 Apostolum,
502 1633 630 1681 ueterem
650 1620 889 1681 bominemeum
911 1619 1025 1681 ostibus
1046 1617 1107 1678 suis
1127 1616 1175 1675 in·
1258 1618 1259 1687 g

222 1696 345 1764 tomen
366 1718 486 1767 nouum,
509 1701 564 1780 qui
585 1712 750 1771 renouetur
770 1703 806 1761 in
826 1702 978 1781 spuitione
993 1700 1062 1761 Dei:
1086 1714 1176 1779 quum
1258 1732 1260 1781 χ

221 1782 444 1841 renovationem
464 1782 498 1842 in
520 1794 616 1854 ments
638 1784 754 1863 oportet
776 1784 857 1863 fieri,
880 1781 931 1843 sed
952 1782 986 1843 iu
1007 1780 1103 1859 cupite
1126 1777 1175 1837 dc·
1258 1826 1262 1863 ,a

175 1923 177 1926 ,
221 1864 561 1941 momenmentum
582 1882 665 1925 meus
689 1864 825 1926 noscitur
838 1865 986 1925 babitare.
1010 1860 1068 1921 Sed
1092 1876 1175 1939 egre·
1257 1892 1258 1895 ¹

222 1942 269 2019 gie
296 1951 403 2005 auctor
424 1944 506 2006 Libri
539 1943 575 2005 ds
598 1943 776 2025 comtmptu
801 1944 911 2005 mundi
942 1943 1021 2021 apud
1053 1942 1176 2020 Agneti·
1258 1958 1259 2013 ξ

222 2042 307 2095 num,
331 2043 455 2087 eausam
477 2027 566 2087 istam
588 2022 793 2107 expliemln
814 2046 849 2088 eo
866 2025 968 2107 (Num.
987 2020 1071 2103 Vlll)
1085 2032 1176 2101 parte

221 2106 296 2184 pilos
309 2107 419 2187 cepitis
440 2107 620 2178 incidimus,
636 2110 671 2168 in
685 2104 743 2186 quo
759 2125 867 2169 nouom
881 2105 1070 2183 sapientiama
1086 2103 1173 2173 idest,

224 2187 377 2249 Christum
399 2191 519 2258 inesset
541 2191 727 2266 eopnooimus
746 2206 804 2267 per
825 2191 877 2269 boe
898 2190 1050 2265 sipuuntes
1065 2188 1176 2248 ndum

222 2277 415 2333 turonorum
436 2288 540 2329 rorum
554 2268 791 2331 sollicitudinum
811 2280 931 2331 nostroe
952 2268 1059 2349 mentis
1074 2265 1172 2329 oculus

223 2347 264 2407 nd
285 2350 382 2409 Deum
415 2350 678 2427 contemplandum
698 2351 854 2430 impedire.
884 2348 953 2411 Huc
976 2350 1068 2410 etiam
1094 2346 1175 2411 celet

223 2429 413 2506 antiquorum
429 2450 547 2491 morem
558 2433 597 2491 vin
614 2432 831 2509 adoptionibus,
849 2450 902 2509 per
917 2430 1096 2507 capillorum
1113 2436 1176 2491 ton·

223 2510 339 2591 sionem
361 2511 466 2589 perlici
487 2514 597 2573 solitis:
619 2513 649 2572 id
671 2515 752 2573 enim
774 2514 918 2574 ellectum
932 2511 1085 2573 Tonsurae
1108 2510 1175 2574 ete·

222 2592 324 2653 rteatis
345 2596 465 2672 egregie
488 2600 721 2671 repraesentat,
743 2600 778 2655 ut
799 2613 852 2673 per
873 2612 941 2655 eam
973 2594 1003 2657 in
1027 2592 1172 2655 furnillam

223 2671 281 2733 Dei
301 2674 541 2743 onustamur,
565 2679 601 2737 ad
623 2674 690 2753 ejus
711 2675 931 2749 haereditatem
952 2692 1122 2744 vocemur,
1144 2678 1174 2758 et
1259 2716 1260 2719 κ

222 2760 376 2833 nmquam
397 2757 542 2835 speciales
561 2756 616 2819 filli
636 2760 828 2837 adoptemur.
948 2822 954 2833 ,

234 2895 238 2902 ,
265 2835 306 2897 11.
330 2838 411 2899 bum
425 2838 561 2899 Clericus
574 2840 757 2921 attondetur,
776 2840 850 2899 baec
873 2839 966 2899 verba
982 2838 1171 2915 pronunciat:

222 2916 371 2981 Dominus
387 2938 463 2999 pers
485 2921 681 2991 baereditatis
703 2939 784 2983 meae
808 2931 835 2980 et
859 2919 972 2983 Culicis
993 2918 1069 2987 mei,
1093 2930 1126 2979 tu
1146 2936 1175 2979 ss

223 3002 276 3079 qui
297 3004 433 3063 restitues
452 3002 669 3063 bocrcditctem
691 3021 787 3063 meam
808 3001 895 3061 milti.
919 3000 1014 3061 Docet
1035 3000 1175 3142 eruoiae

222 3082 312 3155 limus
333 3084 435 3145 Estius
449 3084 479 3145 in
494 3083 579 3145 Libri
592 3086 702 3160 >quarti
717 3078 1109 3153 DistinctionemXXIVi
1164 3120 1173 3149 ,

221 3165 366 3230 omnibus·
386 3165 510 3243 quidem
531 3166 709 3229 Christianis
730 3181 890 3224 commune
920 3182 984 3225 esse
999 3168 1173 3239 oportere,

221 3236 384 3307 Dominum
407 3253 526 3323 partem
546 3247 686 3315 habere,
710 3246 760 3307 sed
783 3245 990 3307 excellentiori
1011 3243 1101 3306 modo
1124 3242 1175 3303 de-

220 3324 346 3391 heroid
369 3330 406 3389 iis
427 3334 618 3407 competere,
634 3328 686 3406 qui
708 3328 801 3392 saeris
823 3326 927 3389 officiis
955 3330 987 3387 et
1001 3322 1176 3387 ministeriis

222 3411 388 3472 consecrati
409 3416 645 3487 spumosaque
667 3408 826 3481 facultates
847 3406 1110 3486 suasrelinquere
1125 3423 1176 3467 co·

222 3498 340 3566 gantur,
365 3491 417 3553 sed
439 3492 692 3568 quemadmodum
714 3509 752 3553 ex
767 3490 888 3562 Divinis,
897 3488 1023 3551 Litteris
1034 3494 1068 3550 et
1082 3488 1177 3552 sacris

222 3571 392 3644 Curionibus
413 3574 608 3646 consitutum
630 3578 704 3645 est,
717 3578 752 3635 ut
772 3573 892 3653 penitus
911 3588 945 3633 ae
968 3570 1174 3649 abstineanta
