2567 4042
466 205 689 278 rettfflffli‘

99 336 244 398 vMeminit
265 335 335 414 ejus
350 337 424 396 ritus
445 353 503 395 non
519 353 578 396 uno
600 337 629 394 in
645 335 711 396 ioco
725 334 929 395 Tertullianus
943 339 975 394 et
988 335 1054 409 qui-

98 420 175 480 ·dem
197 419 229 476 in
250 416 361 478 Libro:
386 418 430 478 Dc
456 416 577 479 Corone
599 414 731 485 Metuis,
754 415 828 496 Gap.
855 415 897 476 ΙΙΙ
918 415 965 474 bis
986 431 1056 475 ver·

101 503 174 564 bis:
198 497 317 578 Aquam
338 497 465 566 edituri,
481 499 601 568 ibidem,
618 499 669 558 sed
690 509 718 558 et
737 497 902 577 aliquunde
919 497 1008 578 prius
1021 497 1056 556 in

61 631 63 634 ,
106 581 257 644 Εοεῑοεία,
272 582 323 641 rub
348 578 502 642 Antietitie
526 599 619 640 mene
644 592 842 642 contestamur
866 599 918 639 nos
942 597 1055 638 renuu-

107 669 188 728 ticre
208 663 332 724 Diabate
349 704 357 732 ‚
385 672 412 722 et
428 681 578 742 pompae,
605 673 633 722 et
661 665 774 740 eoqeiis
794 666 867 744 ejus.
892 659 935 720 Ea
957 661 1056 736 itaque

109 745 333 808 abrenunciatio
358 745 404 805 vei
432 763 454 804 a
478 751 615 805 nascente
635 738 805 805 Christiana
831 743 984 820 Religione
999 759 1057 800 co-

109 848 174 890 ram
198 828 300 889 miritis
322 827 445 887 testibus
477 825 542 886 fieri
574 827 660 886 solita
681 833 772 898 erat,
801 825 970 903 triplicique
999 822 1057 883 hoc

108 911 198 974 modo
220 908 454 984 exprimebatur:
483 905 689 968 Abreouncics
717 906 878 969 Satanae?
902 905 943 966 R.
969 902 1059 964 Abre-

106 991 229 1054 nuretio.
257 989 296 1050 Et
318 991 451 1048 omuibus
475 992 610 1069 operibus
635 995 699 1072 ejus
713 990 794 1051 tit,
811 988 996 1050 Abrenuutie
1018 984 1059 1046 Et

109 1075 244 1134 ominibus
261 1072 379 1151 ,pompis
400 1071 488 1152 ejus?
511 1071 550 1132 R.
569 1069 764 1133 Abrcnuntio.
788 1073 887 1148 Atque
910 1069 1059 1130 baec-ab·

104 1153 343 1216 renunciationis
359 1153 489 1214 termula
504 1155 533 1212 in
548 1155 686 1214 omnibus
702 1155 811 1232 passim
826 1153 995 1214 Rituaiibus
1007 1169 1060 1210 au-

109 1239 203 1314 tiquis
225 1253 318 1312 aeque
340 1237 560 1296 sciscentibus
581 1238 754 1312 reperitur,
778 1235 907 1314 ejusque
928 1235 1006 1294 inter
1027 1249 1059 1291 a·

111 1320 167 1380 iios
189 1318 303 1396 priscos
324 1323 461 1378 auctores
482 1318 621 1377 meminit
641 1320 731 1378 etiarn
747 1319 828 1380 Beda
850 1315 969 1392 in‘Cap.
988 1313 1060 1374 Vlii

106 1401 238 1462 ¹Tobiae.
252 1397 336 1458 Haec
358 1417 449 1476 porro
471 1399 694 1460 abrenunciatio
710 1397 967 1460 aCatccbumenis
981 1402 1061 1457 stan-

112 1485 192 1545 tibus
214 1486 245 1541 et
258 1482 353 1540 versis
375 1481 410 1540 ad
426 1480 619 1542 Occidentem
644 1482 861 1551 emittebatur;
885 1477 973 1557 cujus
994 1480 1061 1556 qui·

109 1567 182 1627 dem
205 1562 299 1622 moris
321 1563 484 1623 meminere
500 1563 689 1628 Ambrosius,
702 1563 919 1642 Hieronymus,
935 1561 1058 1638 aliique3

113 1647 243 1726 ejusque
260 1644 406 1704 rationem
424 1646 548 1705 reddens
564 1645 723 1706 exterioris
745 1645 953 1705 caeremoniae
968 1644 1061 1721 expli-

111 1729 259 1789 cationem
289 1727 380 1786 tradit
412 1725 442 1786 S.
466 1727 596 1807 Cyriiius
621 1727 917 1805 Hierosolymitanus
940 1725 1057 1788 Gutecb.
1107 1786 1109 1791 ,

111 1807 242 1889 Mysteq.
259 1805 287 1868 I:
306 1805 381 1868 Solis
404 1827 522 1870 occasus
543 1829 611 1869 eum
637 1812 848 1889 apperentium
870 1809 1061 1870 tenebrarum

110 1893 151 1954 sit
173 1891 278 1960 iecus,·
300 1888 434 1951 decoetus
457 1901 557 1952 auterre
570 1907 650 1950 rcum
670 1893 709 1951 sit
731 1891 887 1960 tenebrae,
910 1891 1004 1950 robur
1026 1890 1061 1948 ire

111 1975 175 2034 iiiia
196 1993 285 2032 suum
306 1973 408 2040 bebet‚·
428 1971 543 2033 idcirce
560 1972 714 2051 symbolice
736 1991 872 2033 occasum
887 1981 1058 2052 spectantes,

109 2054 269 2132 *cutiqinoso
290 2055 336 2116 itii
358 2055 545 2114 tenebrarum
563 2054 701 2134 principi
721 2053 914 2116 renuntiatis.

153 2134 236 2197 Viil.
261 2133 307 2196 De
328 2136 394 2195 cieo
414 2133 736 2206 catechumenorum,
759 2154 828 2212 quo·
841 2134 1009 2214 baptizandi
1030 2135 1060 2192 in

111 2225 245 2298 pectore:
269 2223 299 2279 et
320 2217 397 2291 inter
420 2220 556 2296 scapuias
577 2218 733 2286 liniuntur,
750 2224 872 2294 praeter
894 2216 1058 2283 isidorum,

109 2302 255 2378 Magnum
279 2298 496 2370 Sunonensem,
520 2317 597 2378 quos
619 2317 723 2360 omnes
743 2299 876 2360 laudavit
895 2297 1062 2359 Martcnius

109 2381 179 2443 Lib.
203 2380 217 2440 1
239 2388 297 2442 art,
321 2379 341 2440 6
362 2382 595 2443 num.15hacc
615 2382 989 2443 vetustioramonumenta
1010 2379 1062 2440 ad·

112 2463 244 2524 invenio.
273 2461 403 2542 Cyriilus
429 2463 723 2543 Hierosolymitanus
747 2463 899 2525 Cotecbesi
928 2461 1059 2541 Mystag.

113 2541 279 2606 liseribit:
305 2544 421 2606 Deinde
446 2565 517 2608 uero
534 2549 603 2627 jem
625 2546 723 2614 couri,
739 2547 915 2606 exorcizato
936 2547 995 2606 oleo
1011 2564 1064 2625 pe·

113 2629 218 2690 renati
241 2627 319 2687 eatis.
343 2626 522 2688 Ambrosius
543 2627 608 2688 Lib.
633 2627 647 2687 1
670 2627 706 2686 de
730 2623 933 2687 Sacramemie
953 2625 1065 2704 Cant

113 2725 198 2770 nuni.
224 2706 254 2768 b.
282 2706 433 2778 Occurrit,
456 2710 564 2786 inquit,
589 2710 645 2769 tibi
663 2708 767 2778 terito,
792 2711 924 2770 occurrit
942 2709 1063 2788 presby-

112 2799 178 2850 ter:
200 2785 306 2851 uoe-tbe
321 2808 349 2850 es
372 2795 459 2869 quusi
479 2792 590 2854 athlete
604 2790 728 2859 Christi,
746 2792 832 2870 qemi
846 2793 961 2851 luctum
974 2792 1064 2871 buius

115 2873 227 2934 saeculi
249 2871 428 2934 luctaturus.
451 2873 638 2952 Augustinus
659 2873 795 2934 adhiberi
827 2873 925 2934 oleum
946 2873 1064 2935 risibiie

115 2955 145 3016 in
160 2953 278 3032 signum
293 2953 447 3016 invisibilis
463 2955 620 3024 unctionis,
637 2955 741 3016 scribit
753 2956 784 3014 in
797 2954 947 3015 Psatmum
962 2952 1064 3013 XLIV

115 3053 200 3095 num.
226 3034 276 3096 19.
298 3035 489 3113 Quamquam
512 3055 584 3097 vero
607 3056 646 3100 ex
668 3037 796 3113 antiquis
818 3037 919 3098 meritis
939 3034 1065 3096 Rituati·

114 3118 175 3181 bus'
194 3115 302 3185 Libris,
326 3117 390 3198 ipsa
412 3120 544 3180 increatio
564 3115 618 3180 iiat
637 3121 672 3180 io
689 3130 826 3198 pectere,
851 3130 879 3180 et
899 3118 981 3179 inter
1001 3137 1066 3179 reu·

110 3199 201 3278 qrutee
226 3217 242 3260 e
265 3197 426 3262 Sacerdote
455 3202 598 3264 dicente:
623 3199 686 3280 qu
714 3209 743 3260 te
768 3201 843 3262 tinio
868 3197 937 3259 Otee
961 3202 1065 3261 salutes

115 3285 189 3349 etc.;
211 3299 250 3342 ex
272 3283 394 3359 antiquo
422 3290 522 3344 tamen
544 3280 785 3344 Sacramentario
808 3282 983 3364 Gallicano,
1008 3300 1065 3343 non

116 3363 206 3424 modo
227 3368 344 3440 pectus.
360 3364 415 3426 sed
433 3374 464 3427 ct
478 3381 567 3426 nares
594 3369 624 3424 et
637 3381 729 3424 aures
750 3364 977 3440 inungebantur,
995 3365 1066 3425 atis·

117 3461 176 3522 que
192 3443 321 3506 formula
336 3447 498 3508 verberum
513 3446 725 3508 adhibebatur.
739 3443 832 3504 Porro
847 3445 955 3506 iactam
970 3448 1066 3525 ipsam

116 3525 288 3588 unctionem
310 3526 401 3591 tuisse
423 3527 582 3606 aliquando
604 3529 633 3588 in
657 3533 792 3605 pectore3
808 3533 840 3588 et
860 3529 939 3589 inter
959 3546 1066 3607 scapu-

116 3607 162 3669 las
184 3608 212 3668 in
236 3610 355 3672 nomine
376 3610 585 3674 Sanctissimae
605 3608 770 3683 Trinitatis,
785 3608 873 3672 docet
894 3627 948 3673 nos
961 3610 1067 3673 Sacra-
