2567 4042
472 201 696 298 amatam

146 337 201 401 1v.
225 336 333 399 Oleum
349 341 484 398 sanctum
499 352 587 396 suum
602 333 715 394 habere
736 331 826 392 debet
836 333 1057 409 Repositorium

105 427 280 503 separatum
295 441 312 481 a
329 436 520 496 quocumque
535 421 593 480 alio
608 418 686 485 loco;
711 431 780 474 nam
801 431 899 491 neque
914 416 944 474 in
959 414 1053 479 Fonte

106 503 292 582 baptismali,
316 519 413 580 neque
434 503 464 562 in
486 496 710 568 Tabernaculo,
735 515 830 572 neque
854 499 883 557 in
905 496 1057 577 Reliquia-

107 606 176 648 rum
192 603 345 646 sacrarum
360 584 497 645 custodia
511 583 615 660 reponi
631 581 732 641 debet.
756 577 879 656 Proprie
899 581 989 642 situm
1005 583 1057 643 de-

107 668 158 730 bct
172 685 236 729 csse
259 669 287 727 in
303 668 416 744 pariete
432 664 584 727 Ecclesiae
606 664 642 724 ad
659 681 751 722 cornu
767 655 932 739 Evangelii.
955 662 1055 726 Ostio·
1139 715 1146 728 ,

100 749 169 810 Ilum
192 749 302 810 habeat
322 766 359 808 ex
382 748 460 826 ligno
483 748 563 826 quod
585 747 661 806 bene
684 742 822 812 claudat,
847 761 916 804 cum
938 762 1005 806 sera
1026 752 1058 808 et

106 834 197 901 clavi,
222 838 307 892 extra
329 832 408 906 quod
431 831 509 908 picta
531 831 569 890 sit
590 829 683 889 bursa
706 825 815 895 rubea,
838 831 869 886 et
890 826 993 886 subtus
1008 828 1057 888 lii-

108 917 181 976 teris
203 913 375 992 majusculis
397 913 471 973 haec
493 911 585 972 verba
607 912 757 986 legantur:
781 905 925 968 Sanctum
952 904 1056 968 Oleum

106 995 316 1076 Infirmorum.
334 993 498 1056 Vasculum
521 1013 557 1054 ex
573 996 697 1070 argento
713 989 761 1049 vel
776 993 881 1049 stanno
893 1007 957 1050 esse
973 1009 1058 1067 opor·

99 1082 174 1151 tet,
199 1094 266 1137 cum
289 1093 343 1135 suo
365 1077 507 1155 operculo
528 1075 662 1153 ejusdcm
685 1070 809 1131 metalli.
833 1071 909 1132 Solis
930 1088 1057 1152 corpore

108 1156 235 1218 infirmis
257 1158 460 1234 praebendum
484 1175 548 1218 esse
569 1157 795 1217 Sacramentum
816 1154 979 1214 Extremae
1001 1152 1058 1214 Un-

100 1236 214 1301 ctionis
236 1240 323 1300 docet
343 1257 396 1300 nos
419 1239 450 1301 S.
466 1239 592 1304 lacobus
614 1237 774 1316 Apostolus
795 1236 825 1294 in
842 1233 973 1311 Epistola
989 1247 1054 1305 suu,

107 1319 182 1400 Cap.
202 1322 241 1383 V.
265 1321 362 1396 Quam
386 1324 482 1400 gravis
504 1327 604 1382 autem
627 1318 762 1395 corporis
783 1314 940 1377 infirmitas
962 1318 1059 1396 requi·

108 1410 205 1475 ratur,
230 1410 263 1466 ut
285 1404 321 1463 ad
337 1411 466 1464 mentem
484 1402 618 1481 Apostoli
633 1399 746 1468 lucebi,
769 1398 976 1460 sacramentali
1001 1401 1058 1461 hac

107 1484 254 1548 Unctione
276 1484 413 1546 infirmus
435 1487 537 1563 inungi
560 1489 660 1561 queat,
684 1482 771 1542 iacile
792 1481 985 1540 determinari
1007 1501 1059 1545 ne·

108 1569 194 1645 quit,
217 1569 260 1628 uti
284 1567 423 1630 observat
443 1566 620 1644 VanEspen
642 1562 781 1632 Partell
803 1562 887 1622 luris
912 1561 1058 1625 Emlrriu·

106 1651 177 1710 atiel
190 1649 336 1720 uniuersi,
360 1649 420 1710 Tit.
437 1648 510 1711 Vlll
531 1647 603 1724 Cap.
621 1645 651 1708 ll
665 1665 749 1706 num.
764 1644 821 1714 Ill,
839 1645 1004 1723 probatque
1019 1665 1058 1708 ex

107 1749 157 1802 eo,
182 1731 261 1808 quod
283 1731 444 1808 Apostolus
471 1731 644 1809 simpliciter
666 1736 698 1790 et
718 1726 870 1789 indefinite
890 1728 981 1789 dixit:
1006 1728 1059 1789 Ia·

105 1813 252 1894 firmatur
267 1815 333 1892 quir
354 1816 388 1874 in
401 1814 495 1874 codis?
515 1811 641 1872 iuducet
662 1809 859 1888 Presbyterum
882 1808 970 1884 Quod
983 1829 1058 1873 vero

106 1901 241 1956 aetatem
263 1901 377 1972 spectat
398 1897 434 1956 ad
457 1894 630 1954 Extremam
654 1893 732 1952 hanc
753 1891 930 1953 Unctionem
958 1895 1059 1972 re'qui·

108 1978 210 2046 sitam,
234 1991 405 2054 expressam
428 1978 510 2038 illam
531 1976 680 2037 habemns
703 1974 730 2032 in
748 1981 847 2035 nostro
862 1973 984 2037 Rituali:
1002 1977 1059 2036 De-

108 2061 156 2119 ict
177 2061 231 2118 lroc
253 2058 479 2121 Sacramentum
498 2058 627 2139 infirmis
644 2057 811 2134 praeteri,
835 2059 906 2134 qui,
930 2076 998 2119 cum
1018 2056 1058 2117 ud

106 2159 196 2200 urum
217 2141 344 2202 rationis
364 2143 578 2222 peremerint,
603 2150 665 2201 tom
687 2140 819 2216 qrouitcr
838 2139 1001 2207 taborum,
1024 2147 1060 2198 ut

108 2223 213 2284 mortis
232 2224 399 2303 periculum
412 2223 568 2282 imminere
589 2220 739 2283 uidcor-ur.
757 2218 876 2289 ,Similia
897 2221 998 2297 legere
1013 2226 1059 2282 est

109 2305 140 2364 in
163 2305 253 2366 variis
274 2306 438 2366 Ritualibus
461 2304 647 2384 synodisque
669 2301 897 2363 recentioribus.
922 2302 1059 2364 Amenti-

109 2387 166 2448 bus
188 2391 219 2446 et
241 2387 420 2463 phreneticis
442 2387 479 2446 ob
502 2386 678 2463 periculum*
691 2383 822 2443 scandali
845 2389 876 2443 et
896 2384 1058 2446 irriveren·
1143 2410 1145 2414 ’

109 2470 169 2528 tiae
191 2469 361 2548 deneganda
383 2475 428 2532 est
450 2468 591 2528 Extrema
613 2463 729 2535 Unctio‚
748 2483 784 2525 ne
807 2473 873 2526 acta
896 2466 1059 2530 irriveren·

108 2551 169 2610 tiae
193 2556 310 2626 promat
326 2557 396 2612 tunc
418 2568 488 2614 cum
510 2557 610 2610 mente
626 2549 745 2616 delirat,
759 2565 814 2630 nec
839 2549 991 2627 distinguit
1005 2547 1058 2611 Sa-

107 2651 195 2692 crum
218 2651 315 2692 anon
338 2632 441 2694 Sacro.
465 2631 596 2707 Ideoque
622 2630 744 2690 Rituele
766 2631 911 2709 praecipit
932 2635 1057 2693 rationa-

110 2714 220 2784 biliter,
247 2734 282 2774 ne
297 2717 477 2792 inungantur
499 2712 670 2791 huJusmodi
694 2711 883 2789 phrenetici,
907 2713 962 2771 nisi
979 2715 1059 2792 peri-

110 2796 212 2857 culum
235 2797 440 2858 irrivereatiae
464 2796 584 2856 tollatur
608 2789 853 2855 omnino.Unum
871 2799 965 2854 restat
979 2795 1058 2872 quud

108 2885 141 2938 ct
163 2877 210 2936 hic
233 2878 423 2944 adnotemus,
448 2877 523 2954 quod
546 2894 652 2952 nempe
667 2875 972 2957 docetCatechismus
993 2877 1059 2936 Tri-

109 2960 224 3020 dentini
246 2958 368 3020 Concilii
391 2957 478 3020 Parte
493 2958 521 3018 ll
543 2956 588 3018 Dc
601 2957 764 3018 Eoetrcmuc
783 2955 935 3018 Unctionis
953 2955 1060 3017 Sucro·

108 3049 219 3111 mculo,
242 3058 326 3102 num.
343 3040 433 3112 XIX,
452 3042 503 3102 ubi
519 3058 661 3116 expresse
683 3041 734 3105 ait,
748 3047 897 3100 amentem
921 3041 1060 3099 anatici-

110 3129 172 3186 tate
187 3124 269 3183 nullo
284 3125 373 3185 modo
390 3126 445 3184 isto
461 3123 655 3184 sacramento
670 3121 850 3196 donandum.
874 3121 956 3181 ldem
973 3137 1060 3198 prae·

108 3205 243 3266 scribunt
266 3207 425 3282 pleraeque
447 3204 567 3284 Synodi,
592 3203 757 3278 docentque
779 3203 887 3278 passim
903 3201 1059 3282 Theologi.

152 3284 191 3346 V.
214 3286 353 3359 eretuor
368 3288 524 3347 homiuum
547 3300 655 3362 genera
676 3303 714 3344 ex
729 3286 911 3369 praescripto
933 3283 1060 3346 Ritualis

109 3367 336 3430 aSacramento
358 3369 521 3430 Extremae
536 3366 688 3427 Unctionis
703 3371 853 3437 accentum
877 3385 985 3445 nempe
1002 3369 1061 3445 pri·

112 3467 162 3510 mo
184 3449 432 3530 impoenitentes,
455 3448 604 3510 Manifesti
627 3452 819 3525 peccatores.
844 3447 1060 3510 Excommuni·

109 3531 182 3602 cati,
196 3538 227 3593 et
248 3534 379 3595 nondum
402 3533 551 3610 baptizati.
565 3530 800 3607 lmpoeoitentes
814 3538 883 3592 sunt
897 3533 949 3609 qui
963 3530 1061 3610 publi·

110 3629 147 3675 ce
162 3617 360 3693 peccaverint,
370 3634 425 3676 nec
440 3615 535 3675 ullum
552 3613 749 3690 poenitentiae
764 3615 882 3692 signum
898 3614 1057 3684 dederunt,
