2567 4042
479 213 685 288 wilm·

105 359 172 402 sum
187 340 347 404 Pomorum
368 343 495 422 principi
517 361 576 406 suo
587 349 724 423 tempore
736 342 984 422 praesentabunt.
1001 338 1063 401 lle·

105 425 146 484 tio
168 425 291 500 insuper
322 442 376 484 cur
396 426 565 504 Episcopus
585 425 617 487 in
637 444 693 487 son
714 424 911 488 Ordinationes
939 439 1063 486 cereum

105 523 162 566 rron
182 511 293 583 gestet,
309 506 446 585 prolecto
467 525 504 568 ea
525 525 593 569 esse
615 509 744 576 videon,
761 508 832 584 quia
853 507 967 586 scilioet
982 506 1058 584 ipso,

103 587 148 647 uti
160 589 207 647 ad
230 587 439 650 Caesarienses
459 588 800 667 scribitsaetiregorius
820 586 1027 664 Nazianzenus
1043 617 1053 656 ι

107 669 145 728 sit
157 669 288 729 lucerna
311 667 477 732 Ecclesiae.
501 669 631 743 Quintus
651 671 729 731 ritus
749 676 807 741 esi,
830 679 866 730 ot
884 665 1061 749 Ordinnsdi

105 769 172 809 cnm
204 748 384 812 oNotosio
400 749 541 832 Episcopi
570 755 670 814 ooooti
699 753 838 830 somno,
862 748 1061 827 respondeant

105 827 220 891 Adsum
232 873 241 900 ,
255 841 294 892 et
314 831 457 894 accedunt
476 834 517 894 od
538 835 635 896 locens
662 831 875 896 ordinationis
896 829 1060 893 secundnm

105 911 241 974 ordinem
263 913 480 994 descriptionis.
496 914 613 978 Duceni
635 921 700 976 tum
712 913 838 986 Patres,
856 919 920 977 turn
935 917 1057 976 veteres

104 991 228 1070 spondi,
241 997 420 1074 praesertim
435 996 479 1058 lv
491 993 747 1074 carthaginensis,
763 996 1059 1061 Archidiaconorum

105 1075 226 1152 qudem
255 1095 321 1138 esse
344 1095 452 1139 munus
476 1076 667 1138 Ordinandos
697 1079 825 1141 vocandi
856 1096 893 1139 ac
916 1093 1059 1156 praesco-

105 1157 194 1217 tandi.
215 1154 366 1237 Episcopo
396 1159 586 1226 ordinatori,
616 1160 661 1221 nti
682 1159 787 1222 ridere
817 1164 865 1222 est
886 1161 917 1220 in
938 1157 1059 1220 Canope

110 1235 283 1307 Ostia-rios,
305 1239 501 1302 Distioctionc
522 1239 633 1302 XXIV
654 1246 687 1302 et
708 1243 739 1302 in
760 1241 835 1320 Gap.
864 1239 901 1303 Ut
920 1240 1059 1303 nocuum
1083 1275 1088 1283 «

106 1325 214 1387 extra,
236 1319 281 1380 Do
304 1317 406 1404 Officio
428 1319 658 1387 Arclidiocooi.
905 1375 909 1380 .
1113 1342 1116 1345 ·

145 1400 234 1464 XlIl.
260 1403 296 1464 Si·
306 1407 438 1482 priscam
451 1401 605 1467 Ecclesiae
619 1410 750 1466 sentem
771 1403 975 1481 inspiciamus,
991 1415 1060 1462 oon·

105 1487 161 1544 stet
183 1487 226 1544 'ex
248 1483 341 1545 Libro
356 1484 620 1548 Sacramentorum
637 1485 669 1546 S.
680 1485 821 1565 Gregorii
842 1487 874 1546 in
889 1484 990 1546 Titolo
1004 1483 1059 1558 qni

106 1565 297 1642 inscrilsltrrr:
326 1564 414 1628 Ordo,
429 1567 468 1628 od
488 1587 590 1629 scores
616 1565 746 1630 Ordines
764 1565 981 1649 benedicendos,
993 1565 1060 1632 Ma·

105 1647 187 1725 joses
204 1648 337 1725 primum
362 1649 471 1727 gradus
498 1655 569 1710 ente
590 1646 812 1728 Evangelium,
828 1648 961 1710 Minores
984 1661 1059 1712 reto

107 1733 175 1804 post
191 1731 436 1792 communionem
450 1731 514 1790 dari
531 1731 569 1791 ab
579 1728 731 1808 Episcopo
740 1731 947 1792 consuevisse.
958 1726 1059 1791 Hodie

106 1812 277 1872 contrarios
292 1813 414 1887 quidem
431 1819 477 1874 esi
490 1831 574 1882 osus,
593 1829 662 1873 nam
678 1815 778 1890 primo
790 1813 936 1881 Minores,
951 1809 1060 1873 deindo

107 1909 180 1953 aero
200 1891 339 1971 Majores
359 1891 487 1954 Ordines
508 1893 717 1956 conteruntur.
742 1893 802 1966 Qui
823 1895 901 1955 ritus
922 1895 1061 1954 vetustus

103 1979 150 2034 est
171 1975 264 2034 etiam
286 1975 316 2033 in
339 1972 489 2041 Ecclesia,
514 1982 547 2035 ut
570 1975 675 2036 videre
697 1981 743 2035 est
766 1976 795 2034 in
817 1981 921 2036 vetere
942 1972 1057 2035 Ordine

104 2055 291 2116 Romano'ct
322 2056 351 2114 in
373 2054 440 2116 aliis
461 2054 686 2117 pontificalibus
707 2055 834 2124 Libris,
858 2063 893 2116 ιιι
914 2055 1058 2117 nimirum

105 2137 269 2199 doceantur
284 2135 327 2206 ad
343 2137 410 2196 illos
427 2139 555 2215 promoti
566 2124 717 2199 'eundum‘
730 2137 787 2196 sibi
805 2153 870 2197 esse
892 2138 931 2196 de
945 2133 1077 2214 virtuto'

32 2263 35 2270 .
105 2217 135 2276 in
154 2221 312 2283 virtutem.
324 2235 482 2296 quousque
505 2219 648 2283 videatur
669 2220 751 2280 Deus
773 2216 915 2280 Deorum
928 2218 957 2278 io
973 2215 1058 2286 Sion,

103 2305 140 2361 ιιι
157 2305 241 2360 recte
263 2299 404 2360 observat
424 2299 593 2372 Hallierius
618 2301 664 2360 Dc
684 2301 778 2361 sceris
797 2295 1056 2364 Ordinationillua,

103 2380 215 2458 aliique
235 2378 418 2458 complores,
436 2381 605 2444 alludentes
620 2382 657 2442 ad
673 2381 731 2442 Vll
748 2380 931 2443 versiculum
946 2378 1058 2441 Psalmi
1133 2376 1138 2386 '

105 2462 280 2541 octogesimi
294 2463 402 2528 tertii.
435 2459 541 2524 Stetim
574 2481 649 2540 ergo
675 2469 744 2542 post
764 2461 951 2527 Incultum,
975 2465 1058 2523 ante·

104 2561 195 2620 quarn
218 2544 363 2606 lectiones
385 2543 465 2606 ullae
487 2543 651 2622 legantur,
675 2545 771 2621 prima
793 2542 927 2605 Tonsars
947 2539 1058 2605 Clerici

105 2625 462 2705 inaugurantur,quibus
484 2625 602 2687 nullum
624 2627 655 2686 io
670 2624 805 2687 Ecclesia
825 2621 965 2685 Officium
985 2620 1060 2683 assis

104 2714 224 2783 gnatm:
249 2713 314 2768 turn
336 2713 406 2784 post
425 2707 556 2784 singulas
578 2707 719 2769 collectas
739 2723 775 2766 ac
794 2705 950 2771 lectiones.
963 2703 1057 2765 Mino

104 2797 156 2848 res*
173 2779 283 2866 singoli
303 2787 434 2850 Ordines
461 2789 682 2856 conferuntur,
706 2794 742 2849 ιιι
763 2806 818 2864 pro
836 2787 965 2869 singulis
985 2784 1059 2862 ipsis

104 2869 296 2946 singulariter
317 2888 335 2929 a
357 2874 418 2930 toto
441 2869 552 2948 popolo
574 2869 700 2931 collecto
720 2869 908 2946 precandum
929 2885 995 2928 esec
1016 2867 1058 2926 io-

104 2954 233 3020 nuatur,
258 2955 288 3011 et
310 2952 365 3028 ipsi
386 2968 448 3028 quo
469 2953 498 3010 in
521 2947 656 3013 Ecclesia
679 2945 885 3028 provectiores
903 2954 1058 3014 orontes

103 3032 161 3092 sihi
183 3033 325 3108 amplus
337 3034 542 3092 necessarium
562 3049 628 3094 esse
651 3039 829 3093 moneantur
842 3029 997 3091 attendere
1017 3027 1058 3088 ls-

105 3115 194 3174 ctioni
217 3117 250 3174 et
272 3113 426 3174 doetrinae
440 3155 448 3182 ,
462 3113 730 3190 ¹qucmadmodom
750 3111 945 3172 Tirnotlseum
966 3125 1059 3175 suum

103 3196 222 3256 monuit
236 3193 408 3271 Apostolos,
421 3191 555 3272 Epistola
571 3195 670 3272 prima
684 3193 722 3254 ad
738 3194 837 3272 ipsum
847 3192 1057 3272 Timotheum,
1091 3226 1101 3235 =

104 3277 204 3354 capite
222 3281 332 3354 quarto
353 3273 509 3336 versiculo
519 3274 570 3336 12.
593 3274 776 3337 subdiaconi
798 3279 962 3350 numquam
976 3270 1058 3348 legs·
1185 3341 1192 3348 ,

106 3362 154 3418 ιιι
173 3355 329 3434 Epistola,
353 3357 589 3424 constituuntur,
612 3355 740 3434 ejusque
760 3354 905 3432 legendae
926 3358 1059 3432 potesa-

108 3443 166 3498 tsm
189 3438 357 3515 suscipiunt
371 3469 381 3509 ,·
402 3438 563 3512 'statimque
585 3443 676 3515 atque
697 3437 826 3498 ordinati
847 3441 936 3505 sont,
959 3437 1056 3510 ipsam

107 3514 269 3598 Epistulam
291 3519 405 3597 legunt,
428 3519 459 3581 in
480 3518 585 3580 eadem
608 3518 717 3582 Sacrae
738 3515 943 3578 ordinationis
960 3516 1056 3582 Missa

108 3601 313 3664 inservientes.
336 3600 463 3680 liiaoorr'i
477 3599 633 3674 simililer,
650 3595 914 3678 quiErangelinro
936 3595 1056 3660 inuis
