2567 4042
629 212 692 275 w
713 201 855 273 lib&

270 332 314 394 To
336 344 436 394 notem
464 331 608 400 Domine,
632 333 702 408 quia
724 349 823 408 neque
843 331 953 392 dicitur
974 336 1044 392 ante
1067 330 1136 391 lube
1151 330 1203 390 lle

266 433 345 482 mne,
369 432 446 491 quae
462 413 522 474 duo
542 419 614 473 sunt
630 415 756 474 invicem
772 416 963 484 correlativa3
981 421 1047 474 turn
1063 432 1135 473 vero
1146 413 1206 488 qnia

268 493 413 557 Sacerdos
427 493 692 556 Hebdomadarius
720 514 756 556 ea
779 497 906 562 recitat,
930 497 979 555 cui
1002 513 1060 554 non
1083 496 1206 555 convenit

267 579 417 638 ordinarie
439 577 677 639 benedictionem
699 578 738 637 ab
757 577 816 637 alio
837 585 953 655 petere3
967 584 998 637 et
1020 585 1168 654 praeterea
1181 577 1207 633 in
1251 622 1252 627 ,

266 661 399 721 breviori
421 659 563 719 Lectione
585 658 704 718 lacilius
726 660 813 735 culpa
836 661 977 723 evitatur,
1003 659 1173 737 praesertim
1191 675 1207 716 a

266 739 401 821 perlecto
416 743 491 807 viro,
516 740 637 816 qualem
661 746 867 818 repraesentat
881 739 1141 802 llebdemadarius
1163 740 1208 817 qui

266 822 404 901 Capitula
426 825 544 888 recitat,
570 823 612 882 uti
635 823 777 882 observat
798 821 969 883 Durandtts.

309 904 364 965 Vl.
389 905 457 964 Sive
473 903 612 964 Officium
628 903 682 964 fiat
704 905 741 962 de
757 905 868 966 Sancto
887 906 1000 981 aliquo,
1025 905 1090 964 sive
1111 903 1145 964 de
1163 901 1213 962 ve

268 989 326 1057 ria,
349 988 456 1046 eadem
470 987 575 1047 Oratio
598 987 710 1045 dicitur
731 989 767 1046 ad
783 1005 887 1047 omnes
901 985 1002 1045 Horas
1021 983 1107 1062 juxta
1120 983 1212 1044 lilium

265 1066 464 1136 Romanurn,
489 1068 622 1144 exceptis
645 1066 745 1126 Prima
767 1072 799 1128 et
818 1065 1038 1144 completorio,
1062 1069 1094 1125 in
1115 1066 1214 1143 quibus

270 1167 462 1226 quecumque
484 1154 660 1210 remittente
675 1148 794 1217 Officio,
817 1148 1059 1228 sempereadem
1083 1149 1211 1208 dicuutur
1252 1174 1253 1177 ¹

266 1231 437 1294 Orationes.
472 1230 505 1290 ln
528 1230 728 1291 Ambrosiano
749 1238 873 1302 tamen,
898 1232 977 1291 sicut
997 1235 1029 1290 et
1050 1232 1080 1290 in
1103 1228 1214 1312 propriu

266 1315 455 1389 quorundam
471 1313 690 1372 Mcnaeborum
713 1315 782 1374 Ritu
799 1315 909 1375 multas
925 1315 953 1372 in
970 1329 1153 1389 unoquoque
1166 1299 1214 1368 ffl-

271 1395 340 1455 ficio
363 1393 663 1462 haberi‘Orationes‚
686 1395 858 1456 observavit
878 1390 1025 1473 (inpetus,
1048 1401 1091 1454 ut·
1105 1396 1168 1472 ipse
1181 1396 1216 1452 te

180 1501 183 1508 ·
268 1482 364 1538 statur
378 1477 445 1538 Lib.
463 1477 506 1537 lll
522 1474 594 1554 Cap.
615 1477 635 1534 2
660 1484 776 1552 quaest.
793 1477 824 1545 8,
838 1479 1015 1554 praesertim
1040 1479 1070 1535 in
1096 1473 1216 1550 antiquis
1253 1538 1254 1553 χ

267 1559 430 1619 Breviariis
455 1557 711 1621 Cluniaeensibus.
735 1558 840 1620 Oratio
862 1560 970 1619 desinit
1001 1559 1030 1616 in
1056 1555 1215 1618 clausulam
1253 1556 1254 1599 ³

260 1642 379 1700 istam:
404 1639 463 1700 Per
485 1641 649 1701 Dominum
670 1650 805 1701 nostrum
827 1641 925 1702 Iesum
951 1640 1107 1702 Christum
1120 1639 1139 1706 ,’
1152 1637 1216 1715 qula
1253 1644 1254 1683 ἐ

268 1721 413 1784 Sacerdos
435 1720 533 1782 Deum
556 1722 720 1797 alloquitur
742 1741 796 1799 per
810 1722 913 1784 lesum
933 1721 1088 1781 Christum
1109 1719 1215 1782 Media·
1253 1726 1254 1731 ’

268 1808 365 1864 turem
389 1805 418 1863 in
441 1807 554 1864 unitate
585 1802 713 1879 Spiritus
734 1804 851 1875 Sancti,
877 1805 909 1864 S.
932 1801 1110 1879 Fulgentius
1133 1805 1214 1861 testa·

268 1890 319 1945 tur
330 1884 451 1946 Africae.
473 1886 622 1946 Ecclesiae
637 1903 742 1960 preces
757 1905 827 1947 suas
841 1888 947 1946 iisdem
964 1884 1065 1944 verbis
1080 1884 1215 1942 absolvis

267 1985 310 2027 se.
336 1966 645 2027 Animadvertendum
662 1968 785 2045 insuper
800 1972 926 2028 eslcum
938 1965 1111 2026 doctissimo
1128 1964 1214 2024 Gran·

267 2048 402 2119 eolasio,
427 2049 496 2108 licet
519 2048 623 2108 nullibi
646 2045 753 2125 majori
784 2049 954 2126 eloquentia
987 2063 1079 2124 quarn
1108 2045 1215 2107 Romae
1254 2060 1255 2079 i

266 2130 425 2191 Orationes
439 2131 625 2206 conscriptae
639 2131 709 2199 sint,
734 2133 830 2191 serius
844 2138 945 2190 tamen
968 2132 998 2189 in
1013 2128 1158 2188 Divinum
1168 2127 1214 2188 Ol·
1254 2164 1255 2201 3

266 2205 370 2273 ficium
392 2213 524 2273 invectas
545 2211 654 2277 luisse,
678 2217 769 2287 atquc
791 2229 845 2288 pro
867 2213 959 2272 blissa
982 2215 1099 2272 tantum
1123 2212 1215 2272 deser·

265 2295 356 2355 visse.
381 2293 483 2354 Horae
505 2311 611 2353 omnes
634 2292 726 2352 Peter
748 2303 847 2354 noster
872 2295 1127 2361 absolvebantur3
1150 2291 1216 2352 Ora·

266 2377 360 2438 tiones
382 2395 454 2436 vero
477 2376 665 2443 dicebantur,
690 2391 758 2433 oum
782 2376 911 2452 populus
932 2375 1156 2443 conveniebat,
1187 2379 1215 2432 ut

217 2457 221 2462 '
265 2459 303 2518 ab
325 2473 384 2519 una
406 2458 441 2518 ad
465 2458 553 2518 aliam
577 2454 744 2516 Ecclesiam
767 2458 929 2525 transiret,
960 2462 1035 2517 teste
1056 2456 1215 2532 Micrologo

266 2538 338 2617 Cap.
352 2538 407 2602 lll.
427 2538 492 2599 Mos
507 2538 609 2600 Officia
627 2556 681 2616 per
696 2534 789 2598 Pater
805 2550 901 2599 noster
914 2538 1087 2598 absolvendi
1104 2540 1134 2596 in
1148 2535 1216 2597 Cou-

194 2667 196 2672 .
268 2623 336 2681 cilio
359 2620 501 2681 Toletano
524 2619 566 2680 lV
588 2619 770 2695 conspicitur
790 2618 862 2680 Can.
888 2619 927 2679 10
948 2629 1039 2696 atque
1066 2620 1095 2678 in
1117 2617 1215 2680 Officio

266 2701 454 2764 Mozarablco
469 2708 623 2764 servatur.
647 2700 742 2760 Peter
763 2701 822 2760 alta
843 2718 919 2762 voce
933 2701 1055 2765 dicitur,
1078 2706 1170 2777 atque
1181 2697 1214 2758 ad

267 2784 399 2862 singulas
421 2783 578 2860 petitiones
598 2781 696 2842 Amen
716 2783 938 2857 respondetur.
968 2787 1075 2859 quarta
1097 2789 1212 2857 excepta

261 2881 372 2946 ponem
396 2877 553 2934 nostrum,
578 2865 614 2923 ad
638 2880 729 2941 quam
751 2863 880 2924 dieitur:
908 2862 990 2938 Quia
1015 2873 1049 2923 to
1076 2882 1105 2923 ea
1130 2861 1210 2922 Deos.

268 2945 375 3008 Postea
397 2946 502 3007 Oratio
525 2947 674 3023 sequitur.
698 2943 826 3006 loannes
841 2945 1033 3006 Abrincensis
1057 2945 1086 3003 in
1109 2963 1163 3006 suo
1181 2943 1212 3003 dc

265 3027 380 3089 Officiis
402 3028 543 3088 Tractatu
566 3029 632 3095 ait,
657 3025 775 3086 Laudes
796 3034 827 3089 et
849 3030 980 3103 reliquas
1001 3023 1101 3085 Ollicii
1123 3023 1211 3086 Horas

265 3129 320 3190 per
341 3110 527 3170 Dominicam
550 3108 724 3169 Orationem
747 3110 901 3169 absolutas
922 3109 1025 3176 luisse,
1050 3107 1147 3168 Fertis
1167 3123 1210 3165 cr·

267 3193 380 3274 ceptis:
396 3190 512 3252 Lundea
533 3193 568 3250 io
590 3190 693 3250 ceteris
708 3187 804 3251 Horis
817 3211 886 3251 com
905 3187 1047 3250 Oratione
1061 3189 1212 3250 Dominice

264 3285 292 3334 et
308 3275 459 3352 precibus,
477 3272 606 3352 receptis
626 3268 729 3339 Fertis,
750 3270 891 3334 Oratione
913 3289 983 3332 otro
1006 3272 1122 3348 semper
1141 3261 1209 3329 eorl·

261 3356 398 3436 plentur.
423 3355 578 3414 Praedicta
593 3359 695 3413 autent
717 3352 824 3415 Oratio
839 3351 994 3413 Dominioa
1016 3353 1076 3412 alta
1091 3368 1160 3412 voce
1178 3346 1210 3409 ad

268 3435 384 3497 Laudes
406 3445 436 3497 et
459 3437 610 3513 Vesperas
626 3435 784 3496 dicebatur
799 3432 920 3512 exCap.
935 3433 974 3494 13
989 3434 1119 3512 Regulae
1132 3431 1210 3493 §.Be

266 3518 387 3590 nedicti‚
412 3523 443 3578 et
464 3537 501 3578 ex
525 3519 654 3580 Decreto
667 3513 791 3577 Concilii
807 3515 989 3578 Gerudensis
1003 3533 1080 3576 auno
1096 3514 1154 3575 5¹⁷
1167 3529 1206 3572 ce

267 3599 372 3660 lebrati
394 3597 466 3659 Can.
491 3599 532 3660 10
554 3599 601 3660 bis
622 3598 744 3660 verbis:
769 3597 844 3660 Item
869 3599 951 3660 nobie
974 3615 1089 3679 temper
1104 3592 1208 3678 ptaooit
