2567 4042
636 178 860 251 mm&
955 212 958 218 ¹

641 388 768 451 cneus
788 372 843 449 ui

604 543 654 613 bu
682 569 890 614 escuinus.
1066 583 1069 586 ⁴
1249 554 1250 635 i

273 741 275 748 ,
314 716 339 775 l.
365 715 482 777 Laudes
496 715 635 776 Officium
652 714 737 778 erant
756 735 773 777 a
789 714 949 777 Nocturnis
970 711 1203 793 sejunctumrhi
1249 670 1250 739 3

271 800 351 858 euim
376 807 464 859 noctu
481 799 666 863 dicebantur,
691 799 808 860 Laudes
823 815 898 858 uero
918 815 1037 858 summo
1053 814 1147 864 mane,
1167 800 1204 856 ie·
1249 774 1250 841 l

271 889 315 940 ste
336 879 482 956 Gregorio
504 879 668 940 Turoneusi
701 880 736 939 de
758 879 916 941 Miroculis
941 876 973 938 S.
996 877 1126 938 Martini
1145 877 1202 937 Lib.
1249 882 1250 949 i

269 961 299 1021 ii
319 959 391 1038 Cap.
417 963 441 1022 l:
471 959 593 1038 Vipilius
612 965 810 1040 implevimusr
831 979 919 1021 moue
939 969 1039 1020 aurem
1057 961 1153 1038 fecte,
1172 961 1204 1020 si·
1249 964 1250 1045 i

270 1063 327 1120 pao
355 1043 394 1101 od
417 1042 584 1104 Matutinus
615 1053 759 1102 commoto
781 1047 890 1104 reuersi
920 1062 1021 1119 sumus
1042 1041 1201 1103 dormitum.
1249 1060 1250 1095 i

269 1123 353 1187 Haec
374 1132 420 1185 est
441 1142 512 1184 vera
535 1125 670 1184 laudum
693 1123 877 1202 significatio,
901 1124 1080 1187 Matutiuum
1102 1124 1202 1183 scilicet
1249 1104 1251 1169 l

269 1206 419 1270 Officium
438 1207 500 1265 sive
524 1215 556 1267 ut
571 1214 690 1286 veteru
712 1207 878 1285 Scriptores
900 1209 1074 1282 loquuntur,
1096 1204 1250 1266 hiatuii

269 1307 324 1349 uae
341 1289 469 1348 i.audes
486 1288 567 1349 Idem
584 1288 933 1366 Gregorius'luroueusis
950 1293 1079 1348 mortem
1094 1288 1123 1348 S
1136 1285 1250 1348 Caiii
1249 1322 1250 1361 3

269 1372 448 1437 describens,
465 1371 535 1430 ait'
528 1390 556 1428 ιιι
572 1369 651 1430 Vitis
673 1368 795 1430 Patrum
817 1371 889 1447 Cap.
909 1369 936 1430 ll
960 1370 1001 1430 Et
1022 1371 1073 1428 ille
1096 1368 1203 1429 Psalmo
1249 1378 1250 1385 ’

268 1453 311 1513 50
333 1463 358 1512 ei
381 1451 576 1512 benedictione
598 1451 781 1520 decantato,
804 1462 831 1511 ci
854 1451 1044 1531 dllclujutico
1066 1469 1132 1510 cum
1153 1451 1204 1512 Ca-

263 1535 366 1630 pitello
382 1535 505 1610 expleto,
519 1534 704 1594 consumavit
726 1544 820 1598 totum
840 1530 974 1614 Officium
988 1537 1125 1608 temporis
1145 1530 1203 1592 Mo-

268 1617 369 1677 lutici
396 1615 469 1687 Quis
491 1623 590 1676 autem
614 1614 704 1675 luerit
724 1615 838 1675 Romae
859 1615 994 1674 Laudum
1017 1615 1109 1684 ordo,
1132 1618 1203 1691 pate-

267 1699 338 1758 iacit
360 1697 472 1792 Regula
495 1696 525 1757 S.
542 1697 706 1764 Benedicti,
730 1698 782 1773 qui
803 1695 952 1756 Ecclesiae
975 1693 1127 1758 Romanae
1148 1713 1204 1754 mo·

266 1797 331 1838 rem
348 1779 432 1838 hac
424 1797 454 1836 ιιι
476 1797 507 1838 re
530 1785 675 1855 sequutus
690 1782 747 1838 est.
770 1777 925 1840 Canticum
947 1795 964 1834 a
988 1776 1141 1854 Prophetis
1158 1795 1201 1837 ex-

265 1867 401 1938 cerptum
425 1861 546 1938 singuiis
574 1861 678 1920 diebus
707 1862 894 1921 canebatur:
929 1859 1089 1922 Canticum
1117 1878 1200 1918 uuum

265 1941 399 2022 quodque
421 1940 535 2002 dissue
557 1960 593 2001 ec
609 1940 773 2037 Prophetis
797 1941 998 2022 sicutpsoliit
1008 1937 1139 2002 Ecclesia
1149 1940 1202 2000 iio

262 2042 365 2082 mauu.
389 2022 523 2083 Psaimus
545 2026 749 2100 sexagesimus
771 2032 872 2085 sextus
893 2025 956 2082 siue
976 2023 1146 2099 Antiphone
1164 2023 1203 2083 di·

263 2107 399 2166 cehatur
424 2105 491 2165 inde
511 2102 656 2173 fflcudete
679 2101 790 2176 Lectio,
813 2102 966 2184 Hymnus,
993 2102 1151 2166 Canticum
1172 2103 1201 2162 de

262 2186 442 2264 Euemeiio:
466 2187 584 2245 laudem
598 2183 712 2246 Oratio
736 2151 899 2261 liciniuica.
923 2186 1117 2247 Mutabantur
1136 2205 1201 2262 quo

262 2287 322 2346 que
344 2267 561 2345 Prophetarum
577 2266 698 2329 Cantica
720 2270 843 2346 singuiis
865 2267 1080 2335 Hebdomadas
1095 2269 1200 2334 dicbus,

262 2351 307 2410 uti
329 2350 410 2410 hisce
434 2350 617 2427 temporibus
639 2349 705 2410 fieri
727 2353 812 2412 sciet.
838 2349 870 2409 lu
893 2348 999 2409 Oiiicio
1021 2350 1200 2410 biozarabico
1249 2292 1251 2403 l

263 2431 329 2492 ioco
350 2429 529 2491 Benedictus
551 2433 633 2490 varia
660 2439 729 2492 suot
749 2433 895 2502 Cantica
930 2436 961 2491 et
980 2429 1080 2491 Natali
1101 2430 1201 2492 Christi

263 2513 322 2578 dio,
346 2519 435 2589 atque
458 2511 553 2573 Festis
575 2513 769 2574 Beatissimae
792 2513 874 2592 Virg'
848 2514 923 2572 ornis
943 2513 980 2572 ad
1001 2511 1118 2574 Laudes
1137 2514 1201 2574 dici·

263 2603 315 2654 tur
328 2591 522 2675 Moenificom
547 2592 636 2654 Festo
658 2600 758 2657 tameo
773 2595 804 2655 S
821 2595 964 2654 lohauuis
980 2593 1129 2673 Baptistae
1143 2614 1200 2656 can

263 2682 344 2737 tatur
365 2675 552 2736 Benedictus
577 2675 748 2738 Lectiouem
770 2696 829 2738 seu
845 2675 1017 2755 Capitulum
1037 2680 1200 2738 memoriter

260 2758 410 2818 recitabat
429 2755 600 2824 Celebraus
625 2757 656 2818 S.
684 2761 863 2820 Beucdictus
885 2757 995 2819 uuiiam
1016 2760 1199 2837 autiphonam

262 2839 298 2898 ad
321 2837 496 2900 Benedictus
518 2824 705 2916 designavit3
711 2847 801 2919 atque
822 2841 874 2902 diu
889 2839 1004 2901 Romae
1027 2859 1093 2902 mos
1110 2860 1198 2902 serra-
1249 2874 1250 2929 p

263 2930 311 2982 tus
334 2926 390 2982 est.

303 3000 343 3062 ii
368 3002 514 3063 iiiiierunt
536 3003 653 3064 Laudes
674 3005 713 3064 ab
727 3005 792 3066 aliis
812 3005 896 3065 horis
915 3002 1109 3066 mucoribus
1100 3006 1197 3085 rupiu·
1249 2936 1250 3031 l

261 3085 379 3144 raiitate
401 3101 534 3161 precium
549 3086 616 3161 quia
640 3093 773 3148 mancei
791 3102 915 3165 vespere
937 3085 1141 3147 holocaustum
1161 3087 1197 3146 oi·

261 3166 415 3228 serebatur
436 3184 453 3225 a
474 3164 602 3226 iudaeis
627 3166 737 3228 Psalmi
759 3169 888 3244 quinque
912 3173 990 3238 sunt,
1015 3167 1052 3228 ad
1073 3171 1197 3231 munien·
1249 3192 1250 3237 t

260 3249 314 3311 rios
334 3248 466 3324 quinque
488 3249 622 3344 corporis
645 3267 759 3315 sensus,
784 3251 827 3310 ait
849 3248 987 3326 liugom
1006 3245 1129 3328 Speculo
1148 3249 1196 3310 Ee·

262 3327 365 3388 riesioe
386 3325 458 3406 Cap
476 3329 505 3398 3,
531 3331 582 3406 qui
605 3337 687 3392 notat
707 3338 874 3408 praeterea,
899 3349 1033 3391 eosesse
1054 3339 1195 3394 octovcre
1249 3342 1250 3425 i

263 3410 364 3468 arto
307 3409 526 3508 'significandos
548 3416 614 3472 octo
637 3413 755 3473 ordines
776 3415 966 3482 electorum
996 3410 1049 3474 sed
1071 3415 1194 3476 dicuutur
1249 3416 1250 3479 i

263 3490 419 3565 quinque,
443 3495 513 3569 quia
538 3495 640 3554 tertius
668 3501 698 3554 et
719 3504 842 3573 quartus
864 3493 919 3555 sub
940 3513 1000 3554 uua
1020 3498 1194 3558 conclusione
1249 3488 1250 3555 l

263 3571 471 3635 terminantur.
495 3573 578 3635 Unde
600 3577 711 3636 iactum
734 3583 801 3649 est,
829 3584 863 3638 ut
892 3577 923 3636 hi
944 3577 1050 3656 psalmi
1076 3579 1193 3657 quotidie
1249 3580 1250 3651 i
