2567 4042
612 161 817 234 &183³-

231 288 364 353 Obsecro
384 293 483 370 ipitur
493 293 629 370 primum
645 295 778 353 omnium
794 292 862 373 fieri
877 292 1095 361 obsecrationes,
1115 289 1189 353 Ora-

234 374 350 443 tiones,
375 370 612 437 Postulationas
640 372 825 437 Gratiarum
846 376 977 436 actiones
986 394 1043 471 pro
1059 377 1191 435 omnibus

229 456 425 528 bominibus,
445 474 506 534 pro
529 455 680 553 liepibus,
705 466 732 516 et
753 458 889 518 omnibus
911 458 964 536 poi
993 457 1027 516 ia
1057 454 1186 517 sublimi·

232 546 296 599 tata
317 548 409 604 sunt,
432 549 466 599 ut
488 542 640 617 quietam,
666 547 694 599 et
715 539 916 617 tranquillam
944 541 1038 599 uitam
1069 554 1191 616 aponus

232 622 269 679 in
290 622 372 681 omni
389 620 524 701 pietate,
550 631 578 681 et
600 624 744 697 castium.
761 619 847 683 Haec
862 626 943 683 certe
966 621 1001 680 nd
1017 620 1128 681 Missae
1141 619 1189 681 Sa·

230 699 382 764 crisseium
412 701 520 763 reiemi
542 703 656 765 diserte
684 702 775 764 tradit
797 702 831 764 S
852 701 1040 780 Augustinus
1060 700 1190 781 Epistola

232 782 308 845 LIX
330 786 367 845 ad
390 782 579 854 Paulinum,
602 803 659 846 scu
681 785 779 861 potius
800 785 837 844 ad
860 783 1048 846 Victorinum
1076 789 1191 861 quaest.

235 865 267 931 b.
291 865 460 960 Apostolici
483 867 556 927 item
577 868 705 928 instituti
728 871 775 927 est
796 868 992 938 contestatio,
1016 884 1072 927 scu
1094 864 1189 943 popub

215 948 389 1025 *responsio
413 944 533 1012 Amen.
567 949 604 1009 de
632 966 692 1027 qua
713 966 788 1009 voce
821 952 852 1009 et
875 966 929 1010 usu
960 947 1095 1043 loquitur
1106 946 1254 1025 Apo-

230 1029 330 1090 stolus
356 1027 371 1088 l
404 1029 442 1089 ad
464 1028 654 1093 Corinthios.
664 1028 736 1109 Cap.
759 1030 836 1092 xiv
864 1036 895 1091 ei
923 1030 1023 1107 post
1015 1048 1118 1107 rpsum
1145 1042 1192 1091 au-

237 1110 314 1187 tiqui
329 1109 445 1174 Patres.
463 1108 600 1175 lustinus
614 1111 746 1192 Martyr,
762 1113 903 1209 apolopia
924 1112 1065 1179 secunda,
1082 1116 1115 1173 et
1128 1108 1193 1171 itta

234 1207 408 1271 rouymus,
426 1190 620 1272 Praefatioae
640 1194 708 1254 Lib.
731 1191 794 1254 ll'
781 1215 817 1255 ra
830 1192 916 1275 Epist
939 1192 979 1254 ad
1002 1191 1133 1255 Galatas
1153 1198 1193 1255 at-

235 1291 297 1351 que
320 1273 525 1351 Augustinus,
551 1277 616 1337 tib.
640 1276 669 1337 ll
691 1281 796 1337 contra
817 1273 1048 1337 Parmeuianum
1071 1276 1147 1353 Cap.
1163 1274 1192 1335 7.

278 1352 334 1417 ΠΙ
359 1356 404 1418 De
428 1356 557 1419 lectione
580 1356 754 1437 Epistulae,
779 1376 858 1436 quae
879 1355 1034 1438 Apostolus
1064 1358 1192 1433 antiqui·

232 1442 285 1499 tus
307 1437 490 1505 dicebatur,
516 1439 607 1503 fidem
622 1441 696 1501 iacit
710 1441 789 1501 idern
805 1438 946 1501 Gentium
961 1438 1074 1501 Ductor
1088 1440 1128 1501 ad
1143 1436 1194 1499 Co·

236 1519 515 1599 lossenses‚Capite
537 1521 862 1600 quercetanum,
878 1521 986 1598 inquii,
1003 1522 1101 1599 suerit
1116 1517 1195 1615 apud

235 1618 286 1661 eos
311 1599 448 1681 Epistola
475 1603 572 1672 leaeo,
594 1604 687 1681 [acite
708 1614 742 1665 ul
771 1606 807 1665 iu
821 1600 1047 1665 laodicensium
1061 1598 1194 1663 Ecclesia

236 1680 386 1778 lepolur,
404 1692 435 1741 et
455 1702 521 1744 eom
547 1704 623 1764 puae
644 1683 870 1747 Melitensium
896 1696 962 1754 est,
989 1702 1040 1745 eos
1069 1686 1194 1765 lepatit:

234 1762 340 1824 item
332 1782 362 1823 ιιι
377 1752 444 1825 frue
459 1762 613 1844 Epistulae
627 1766 642 1827 l
657 1768 695 1827 ad
710 1768 1000 1831 Thessalonicenses
1018 1763 1080 1825 Ael
1061 1785 1137 1848 puro
1151 1783 1195 1827 eos

230 1860 290 1923 per
310 1846 496 1916 Dominum,
514 1857 549 1908 ut
565 1848 683 1945 lepotnr
698 1848 835 1929 Epistola
856 1850 927 1909 baec
940 1849 1075 1908 omnibus
1089 1846 1197 1909 sanctis

233 1926 392 2003 fratribus.
416 1927 504 2001 Quod
526 1933 665 1991 autem
657 1950 688 1991 ιιι
708 1926 801 1993 Missa
823 1933 900 1992 lecta
927 1930 1044 2000 tuerit,
1069 1936 1194 1992 testatur

233 2006 369 2071 lustinus
384 2007 531 2106 Apolppia
546 2011 696 2086 secunda,
713 2014 766 2075 ubi
781 2014 952 2075 describens
967 1973 1094 2074 Sacrum
1111 2010 1195 2073 Chri·

187 2111 197 2140 ε
233 2090 423 2171 stianomrn,
442 2094 510 2155 ait:
531 2095 758 2157 Commentario
772 2093 993 2176 Apostolorum,
1010 2104 1064 2154 aut
1078 2094 1196 2175 Scripta

236 2135 457 2252 Prophetarum
473 2176 573 2255 quoad
588 2176 736 2257 lampasi
719 2176 787 2253 l,erl
800 2178 954 2257 lepuntur:
970 2175 1103 2253 alibique
1118 2172 1196 2255 apud

235 2252 456 2317 Tertullianum
491 2258 520 2315 in
551 2258 670 2337 Apolog
672 2260 749 2321 etico
782 2257 856 2337 Cap.
890 2258 931 2319 39
957 2258 989 2320 S.
1012 2254 1195 2335 Cyprianum

235 2333 369 2415 Epistola
396 2336 437 2397 33
470 2344 501 2400 el
528 2337 568 2397 :tt
600 2340 676 2401 baec
705 2339 930 2403 confirmentur.
958 2342 1004 2402 De
1032 2337 1194 2419 Evangelio

235 2418 312 2478 nulli
333 2419 475 2480 dubitare
498 2419 543 2481 ias
563 2428 634 2495 est,
659 2440 729 2483 cum
751 2424 831 2484 idem
853 2423 964 2485 lectum
986 2422 1103 2484 fuisse
1094 2442 1126 2484 m
1120 2388 1198 2481 Ει

237 2498 335 2571 etesiis
357 2502 474 2577 pariter
496 2506 623 2564 testetur
638 2503 799 2582 Apostolus
820 2505 841 2565 2
862 2505 899 2565 ad
921 2502 1105 2575 Corinthios,
1121 2502 1193 2599 Cap
1255 2478 1256 2557 i

236 2559 295 2641 '111
307 2581 382 2641 dum
404 2582 532 2645 tratrem
559 2592 777 2648 commemorat
797 2589 939 2649 comitem
967 2605 1040 2647 suae
1060 2586 1194 2665 peregri·

233 2664 378 2734 nationis,
402 2668 489 2747 eujus
510 2667 577 2728 laus
598 2679 649 2739 cst,
673 2670 778 2745 inquil,
801 2668 1011 2746 inlbraupelio
1020 2686 1077 2747 per
1099 2682 1196 2729 omues

236 2741 413 2816 Ecclmios:
436 2751 476 2808 et
501 2744 651 2811 Eusebius
679 2749 746 2809 Lib
775 2747 802 2809 ll
828 2749 980 2812 Historiae
1008 2748 1197 2811 Ecclesiasti-

238 2845 290 2887 eoe
311 2825 384 2904 Cap
410 2826 449 2890 15
477 2827 588 2892 diserte
615 2830 747 2891 affirmat
767 2830 862 2894 Marci
883 2830 1080 2910 Evangelium
1110 2833 1195 2893 aba

237 2907 354 2987 postulo
364 2908 453 2970 Petro
475 2927 531 2971 sua
550 2913 727 2975 auctoritate
749 2915 976 3011 comprobatum
999 2913 1102 2985 luisse,
1120 2916 1196 2976 etut

238 2992 270 3051 iu
291 2987 436 3051 Ecclesiis
451 2992 623 3071 legeretur,
651 2995 803 3057 indixisse.
822 2994 915 3074 Cujus
930 2998 974 3057 rei
996 2993 1196 3075 antiquissimi

235 3080 272 3133 et
292 3073 445 3149 apostolici
477 3093 551 3137 usus
573 3080 665 3137 testes
690 3078 918 3156 locupletissimi
950 3084 1020 3140 suut
1040 3076 1195 3144 lustinus,

233 3153 398 3232 Origenes,
422 3154 451 3215 S.
475 3154 610 3219 Hilarius
631 3159 743 3236 aliique
765 3164 883 3221 veteres
898 3158 1019 3221 Pulses.
1043 3160 1123 3233 Quid
1144 3176 1197 3220 au

239 3237 332 3295 tem
323 3254 354 3294 m
374 3234 526 3299 sacrificio
541 3240 728 3303 offerendum
751 3243 810 3310 sit,
833 3238 1000 3303 Ecclesiam
1015 3242 1053 3303 ab
1069 3240 1198 3321 Aposto·

237 3318 276 3379 lis
297 3317 438 3379 didicisse
461 3324 627 3400 perspicuis
656 3322 759 3384 verbis
786 3326 932 3386 testantur
953 3323 1111 3392 lustinus,
1133 3322 1196 3383 lte·

241 3417 354 3465 naeus,
378 3404 417 3462 et
430 3396 621 3496 Cyprianus
625 3403 764 3467 lustinus
779 3406 897 3486 Marlyr
910 3403 1055 3501 Apolopia
1068 3402 1196 3467 seeundo

239 3499 309 3562 pag
332 3479 372 3541 97
393 3483 530 3543 meminit
554 3487 648 3547 semel
675 3504 713 3547 ac
741 3486 854 3550 iterum
882 3487 920 3549 de
947 3488 1056 3565 panis,
1079 3487 1140 3547 riui
1164 3490 1194 3547 ei

239 3580 337 3643 aquae
351 3563 512 3633 oblatione.
528 3566 654 3639 oenoe,
670 3568 779 3647 inquit,
796 3571 824 3633 ei
838 3588 890 3651 qur
885 3570 1052 3650 tratribus
1067 3572 1194 3669 praeest
