2567 4042
623 188 850 259 wldssffl·

260 319 443 383 &notorem
467 328 587 378 tuorem
614 318 747 384 meritis,
774 318 848 397 sepo
875 318 1080 385 menonem,
1104 312 1202 395 depeli
1264 300 1265 369 l

257 402 343 483 pacis
362 400 524 479 inpressae.
541 398 599 460 Sed
620 404 651 460 et
673 418 711 462 er
732 400 838 462 eadem
859 397 1002 460 Oratione
1024 398 1096 457 illud
1121 397 1201 475 potis

260 485 371 544 simum
393 482 546 543 addiscere
567 481 654 552 licet,
678 488 790 558 quanta
811 483 850 543 sit
870 480 990 542 Ordinis
1015 478 1202 541 sacerdotalis

246 564 396 641 ·dignitas‚
413 565 463 625 cni
485 569 599 625 annm
622 582 693 642 wne
715 564 842 625 caeteris
863 562 945 625 Deus
966 562 1125 623 contulisse
1146 562 1219 639 gra?
1264 632 1265 641 ἵ

261 647 334 709 tiam
355 649 480 705 constat.
497 644 544 705 Er
564 645 770 725 Manuscripto
792 644 957 708 Pontificali
978 642 1138 725 Guglielmi
1153 643 1203 703 Du·
1264 644 1266 725 l

261 727 357 795 randi,
380 727 464 787 linita
485 725 639 797 Oratione,
664 729 885 807 praescriptum
907 733 969 796 est,
992 733 1026 788 ut
1047 724 1202 803 Episcopus
1263 728 1266 799 ζ

251 810 353 889 faciat
374 810 607 870 exhortationem
629 809 669 869 nd
685 810 841 889 papalem,
864 812 890 871 si
909 812 1000 880 velit,
1023 814 1050 867 et
1071 806 1202 867 comedat

262 889 482 970 inclementiam
504 892 610 952 altimo
623 893 689 951 loco
704 891 756 953 dot
778 890 1018 959 benedictionem,
1043 888 1203 951 Adhibetur
1264 912 1265 941 1

261 974 291 1035 in
314 974 372 1033 hac
394 972 547 1033 iunctione
568 973 715 1044 Pluviale,
740 974 810 1051 quia
831 974 887 1035 iste
910 978 956 1035 est
977 972 1097 1033 habitus
1119 973 1203 1031 vialo·
1260 996 1264 1034 i

261 1056 335 1116 rins.
359 1052 493 1116 Ecclesia
519 1073 576 1115 non
603 1061 701 1134 potest
730 1048 880 1137 aedificapi
901 1058 963 1116 sine
985 1052 1126 1132 Episcopi
1147 1069 1204 1113 cun·

261 1154 360 1198 sensu.
385 1133 444 1196 Pro
464 1136 650 1199 aedificanda
672 1138 805 1199 Ecclesia
827 1139 994 1215 requiritur
1012 1137 1156 1213 insuper,
1176 1142 1204 1195 ut

260 1219 427 1297 assignetur
447 1218 500 1279 dos
522 1220 694 1290 sufficiens,
718 1225 750 1281 et
771 1218 903 1295 congrua
925 1236 979 1296 piro
1001 1220 1052 1284 iis,
1076 1234 1154 1295 quae
1173 1216 1203 1275 ad

262 1301 340 1362 illins
362 1300 594 1378 reparationem,
618 1301 745 1372 cultum,
762 1305 794 1361 et
815 1299 968 1377 Mipislros
990 1305 1060 1360 sunt
1081 1316 1204 1361 necessa·

260 1383 316 1462 ria.
336 1381 367 1443 ln
382 1385 440 1443 situ
455 1383 608 1461 deligendo
623 1400 660 1443 ea
674 1385 765 1445 etiam
780 1383 879 1443 cantio
899 1382 1109 1452 adhiberetur,
1124 1399 1203 1461 quam

261 1465 477 1541 sapientissime
500 1466 692 1543 praescripsit
714 1464 744 1527 S.
768 1461 894 1525 Carolus
915 1462 982 1523 Lib.
1007 1462 1021 1523 l
1044 1463 1205 1525 lnstructio·

256 1557 334 1608 ‘num
354 1543 499 1606 Publicae
521 1546 674 1609 Ecclesiae
698 1543 770 1626 Cap.
786 1544 801 1606 1
816 1549 851 1605 ut
865 1546 998 1613 seilicet,
1022 1552 1052 1606 et
1078 1564 1137 1624 qua
1151 1562 1204 1605 ma·
1261 1549 1265 1599 l

260 1627 321 1706 jori
351 1629 381 1687 in
408 1632 599 1691 veneratione
620 1628 756 1689 Ecclesia
788 1628 959 1695 habeatnr,
984 1632 1015 1687 et
1042 1629 1126 1704 quod
1146 1625 1203 1704 ejus
1263 1640 1264 1651 ³

261 1707 328 1769 fieri
349 1713 457 1787 potest,
476 1709 512 1768 ab
531 1710 613 1771 omni
635 1712 775 1787 strepitu,
795 1710 871 1770 unde
894 1710 1072 1770 Divinarum
1096 1708 1204 1771 Ollinia·

261 1810 329 1851 rum
354 1792 565 1852 interturbatio
588 1791 698 1859 existit,
721 1792 837 1869 longius
858 1790 953 1862 absit3
977 1790 1057 1850 illius
1079 1792 1205 1869 positura

262 1872 328 1933 loco
345 1873 393 1940 sit,
413 1873 462 1950 qni
480 1874 518 1933 ab
540 1874 622 1934 omni
644 1874 718 1939 luto,
743 1874 867 1933 officinis
889 1870 1033 1946 lerrariis,
1058 1871 1201 1951 emporiis,
1265 1928 1266 1939 ,

255 1958 351 2032 'atque
373 1953 410 2014 ab
431 1957 513 2014 omni
534 1955 599 2016 loro
626 1955 768 2017 venalitio
790 1955 895 2033 procul
916 1954 1027 2022 distet,
1051 1973 1086 2017 ac
1111 1972 1146 2013 ne
1167 1970 1204 2013 re-

261 2037 349 2117 gione
371 2036 492 2115 quidem
514 2037 682 2098 istiusmodi
704 2036 837 2097 locorum
860 2053 953 2115 prope
976 2036 1024 2096 sit.

633 2198 760 2260 CAPUT
782 2198 835 2260 lll.

261 2380 304 2424 DE
324 2380 399 2423 ElTll
420 2380 631 2424 eenamcenam
654 2378 764 2423 NOVAM
792 2376 965 2423 necessum
984 2404 991 2433 ,
1015 2378 1073 2423 SEU
1096 2372 1204 2421 ORATO-

301 2461 380 2504 aum
399 2455 580 2515 rusticum,
603 2462 645 2504 UT
667 2461 710 2504 lBl
732 2459 957 2505 sancrrsslmutt
979 2460 1093 2505 missac
1115 2454 1205 2503 saclu-
1263 2520 1264 2531 ἶ

301 2542 409 2586 sicum
431 2543 605 2587 caesenam
619 2542 744 2632 'POSSlE
1263 2556 1264 2630 p

302 2683 327 2746 1.
341 2685 440 2749 Eorta
462 2696 507 2749 est
529 2689 650 2750 illorum
673 2690 830 2758 sententia,
847 2704 925 2766 quae
947 2686 1029 2755 dicit,
1048 2704 1106 2749 nnn
1129 2700 1205 2763 posse
1257 2716 1263 2765 i

261 2767 486 2830 Sanctissimum
509 2770 616 2831 blissae
638 2768 841 2838 Sacrificium,
866 2771 922 2829 nisi
944 2771 974 2829 in
989 2768 1127 2831 Ecclesia
1146 2784 1205 2828 con·
1262 2770 1263 2857 l

262 2856 403 2920 secrata,
426 2869 479 2912 seu
502 2851 681 2927 benedicta,
705 2853 753 2912 vel
777 2854 806 2911 id
829 2851 970 2912 Oratorio
991 2852 1112 2928 publico
1130 2846 1205 2918 ‚nisi

261 2934 345 3012 prius
374 2937 405 2993 et
425 2932 523 3011 ipsum
545 2932 735 2994 benedictum
768 2933 884 3003 luerit,
908 2933 1067 2995 celebrari.
1093 2930 1205 2993 Celebre

262 3014 359 3096 estin
381 3014 458 3074 hane
480 3032 545 3088 rena
567 3014 693 3076 Concilii
714 3013 878 3085 Tridentini
900 3012 1080 3093 Decretum,
1096 3011 1147 3073 :De
1166 3010 1207 3069 oll-
1261 3090 1262 3093 Ἴ

261 3094 416 3157 semendis
447 3105 475 3157 et
496 3096 629 3158 citandis
648 3096 684 3156 in
704 3096 894 3157 celebratione
916 3094 1048 3167 Micam,
1072 3095 1151 3173 qnod
1171 3094 1207 3153 le
1261 3148 1262 3157 ,

247 3180 342 3257 gitur
373 3176 509 3239 Sessione
530 3176 637 3239 xxii.
662 3177 831 3255 Antequam
853 3195 926 3238 sero
948 3178 985 3239 de
1003 3170 1207 3239 ¹benedictione

264 3276 360 3321 novae
381 3258 545 3335 Ecclesiae,
570 3277 623 3320 seu
642 3258 786 3333 Oratorii,
809 3260 945 3321 dicamus
966 3260 1121 3322 sciendum
1143 3260 1201 3321 est·

263 3339 344 3401 alind
367 3347 423 3413 est,
447 3338 620 3401 Oratosinm
636 3339 804 3419 publicum,
826 3340 906 3403 aliud
928 3342 1091 3421 privatum.
1116 3338 1207 3399 Publi·

264 3440 335 3484 cnm
356 3421 489 3489 dieitur,
512 3421 592 3500 quod
615 3420 733 3500 publico
753 3467 760 3494 ‚
784 3440 838 3485 seu
860 3423 994 3483 omnium
1021 3424 1088 3485 usui
1111 3422 1204 3501 patet,

263 3504 413 3583 privatum
425 3522 511 3573 reru,
528 3504 714 3581 quodetiam
730 3504 926 3566 domesticum
942 3505 1121 3585 appellatur,
1135 3497 1206 3579 quod
1260 3500 1261 3588 l

262 3585 401 3665 privatos,
426 3602 480 3651 seu
505 3585 675 3665 aliquorum
703 3588 768 3650 usui
796 3586 1001 3651 tantummode
1029 3580 1206 3665 inpropriis
