2567 4042
472 184 678 260 *13st

139 314 196 378 lu.
220 314 303 389 Quid
322 315 423 377 veniat
445 315 564 381 nomine
587 314 698 386 Ritus,
722 324 812 393 prout
831 314 1057 395 distinguitura

99 396 307 468 Caeremouia,
331 414 390 459 non
411 397 593 459 conueniunt
612 398 762 461 doctores.
778 394 923 459 Ceterum
937 397 1059 475 egregie

101 478 276 543 Dominicua
297 478 393 540 Macri
418 478 559 545 observat
578 479 608 540 in
623 477 894 552 suofflcrolraicc,
918 478 992 541 illud
1013 481 1059 545 ins

102 562 257 627 tarcedere
285 561 448 623 discrimen
461 562 540 629 inter
555 558 663 622 Riturn
678 565 709 621 et
725 558 962 630 Caeremonicna,
978 558 1064 639 quod

101 643 230 705 habetur
245 642 395 719 inaquam
411 649 442 703 et
455 641 610 714 lotionem3
623 642 736 705 etenim
750 640 957 713 Caeremonia,
972 641 1060 719 Juxta

101 734 233 789 mentem
254 722 380 787 Concilii
400 723 578 791 Tridentini,
600 730 648 785 est
678 724 745 804 ipae
776 726 878 787 actio:
902 722 993 785 Ritus
1013 729 1061 787 eat

100 805 207 869 moder
222 809 458 887 μακάριαι,
480 824 542 883 quo
564 804 599 867 fit
619 806 684 885 ipsa
705 807 796 873 actio,
819 804 996 870 Promiscue
1019 811 1060 867 ta·

99 906 170 952 men
192 890 333 965 usurpari
353 889 410 955 liae
432 904 522 953 noces
541 869 801 949 consueverunt!

104 1004 109 1010 ,
140 970 278 1036 nuncu
299 976 382 1031 terra
396 974 442 1030 est
456 970 561 1040 rubra,
578 986 638 1046 qua
660 968 737 1030 labri
752 970 869 1046 lignarii
891 967 989 1033 solent
1012 982 1060 1033 aa·

100 1067 184 1116 seren
204 1052 242 1113 ad
264 1069 317 1117 eos
339 1054 421 1113 recte
442 1050 585 1113 secandos
606 1052 749 1130 signare,
772 1070 834 1127 qua
861 1052 953 1115 etiam
976 1058 1059 1113 terra

101 1133 248 1195 librorum
271 1134 375 1195 titulos
406 1132 572 1195 inscribere
592 1134 730 1195 solebant
750 1134 876 1211 antiqui.
902 1133 968 1196 Vox
989 1136 1059 1195 nota
1129 1196 1131 1207 Α

99 1212 197 1277 Plinio
227 1220 260 1275 et
279 1214 348 1276 aliis
382 1213 439 1275 hac
460 1212 698 1292 significatione,
723 1215 853 1291 hincque
885 1214 923 1275 ad
955 1216 1058 1276 variae

100 1314 150 1359 res
171 1295 325 1360 translata.
350 1295 522 1367 Rubriano,
546 1295 624 1359 tituli
651 1316 705 1359 seu
721 1296 950 1374 inscriptiones,
967 1298 1060 1359 libro·

100 1397 170 1439 rum
192 1383 224 1439 et
244 1378 379 1446 indices,
404 1378 573 1456 legumque.
589 1380 689 1457 capita
712 1380 821 1456 passim
843 1378 985 1441 dicuntur
1006 1377 1060 1439 lu-

99 1461 311 1529 riscousultis,
342 1459 425 1535 quod
452 1460 597 1530 rubrica,
630 1476 685 1522 scu
719 1465 800 1521 terra
832 1461 987 1537 sinopica,
1010 1458 1060 1521 vel

100 1541 195 1609 minio
215 1540 348 1615 solerent
368 1540 502 1603 exarari.
519 1538 653 1603 Rubrica
668 1560 790 1619 quoque
804 1540 964 1619 aliquando
978 1540 1060 1606 uicta

98 1629 147 1685 est
165 1622 231 1685 Lex
253 1625 316 1701 ipsa
338 1623 453 1700 integra
469 1640 522 1700 per
536 1621 763 1702 Synecdocben,
780 1624 860 1701 quod
874 1623 993 1685 initium
1008 1622 1060 1685 Le·

98 1703 301 1781 gisltubrica
324 1704 415 1780 vulgo
437 1708 606 1770 notaretur.

141 1784 276 1849 Rubrica
296 1803 354 1863 pro
375 1786 489 1865 Regula
511 1787 660 1865 accipitur
689 1787 717 1847 in
743 1787 806 1847 vita
821 1786 852 1847 S.
869 1784 984 1849 Deicoli
999 1784 1060 1848 Ab·

97 1867 177 1929 batis
198 1866 377 1929 Lutrensis:
400 1867 481 1945 apud
497 1869 572 1930 alica
594 1888 649 1948 pro
671 1866 917 1939 Commentario,
942 1886 1058 1929 memo-

98 1948 288 2021 rialilibrc,
312 1968 367 2011 seu
402 1950 534 2021 scheda,
558 1950 588 2017 iu
611 1968 670 2029 qna
692 1950 765 2027 quid
794 1954 899 2011 notatu
935 1951 1061 2029 dignum

98 2029 247 2093 retertur.
270 2030 457 2093 Peculiarem
486 2038 519 2093 et
545 2032 624 2096 bene
649 2032 769 2109 longam
798 2032 836 2091 de
863 2032 956 2096 variis
977 2032 1062 2095 vocis

99 2110 253 2179 Rubricae
273 2112 539 2191 significationibus
553 2114 778 2177 adnotationem
793 2113 886 2175 edidit
901 2112 1060 2191 Pignorius

99 2195 139 2259 ad
161 2192 328 2258 Historiam
349 2195 496 2259 Albertini
510 2194 647 2260 Musseti·
659 2196 689 2255 in
705 2196 809 2272 plures
823 2193 992 2264 Rubricas,
1010 2211 1062 2257 ve.-

101 2276 148 2337 lut
180 2276 211 2335 in
242 2277 369 2339 totidem
395 2277 546 2354 capitula,
569 2278 772 2339 distributam.
798 2274 843 2337 Ex
874 2294 910 2337 ca
932 2274 1063 2353 Pigccrii

96 2357 293 2426 adnotatione
309 2378 402 2420 unum
425 2360 475 2420 hic
497 2358 626 2428 addam,
655 2376 751 2435 nequo
779 2358 929 2425 Rubriano
954 2374 1062 2421 vocem

104 2439 177 2501 adeo
205 2438 386 2503 familiarem
418 2440 632 2504 historicorum
664 2440 812 2515 aliquibus
840 2440 994 2511 extitisse,
1028 2444 1063 2504 ui

105 2538 163 2583 non
178 2528 245 2586 tam
269 2521 326 2601 ipsi
341 2523 488 2587 librorum
503 2539 629 2585 suorum
645 2521 748 2584 titulos
763 2540 799 2585 ea
815 2523 984 2583 nominatos
998 2523 1063 2588 vel·
1108 2538 1111 2545 '

106 2601 185 2671 ient,
212 2603 272 2672 aed,
298 2604 328 2663 in
360 2603 488 2669 aliorum
520 2619 640 2681 quoque
674 2605 859 2680 scriptorum
887 2605 1061 2682 epigraphis

106 2682 258 2746 laudandis
278 2702 385 2747 vocem
408 2704 465 2745 non
490 2684 580 2745 aliam
611 2689 804 2760 usurparent.
827 2683 918 2747 Plura
944 2686 1062 2764 profert

19 2797 20 2800 κ
106 2764 240 2829 laudatus
259 2764 429 2844 Pignorius.
446 2766 523 2828 dddi
546 2772 672 2844 possunt
686 2766 847 2828 Martinius
869 2765 898 2827 in
917 2766 1058 2839 *Lexicoa

107 2844 251 2927 (langius,
273 2848 309 2909 in
329 2846 416 2909 Notis
436 2847 478 2908 od
499 2845 677 2909 Alcaiadem
699 2866 768 2926 pag.
791 2846 880 2919 2533
903 2858 935 2911 et
955 2850 1064 2913 illabil-

109 2928 221 3000 louius,
243 2929 313 2991 Lib.
337 2930 367 2992 l.
390 2928 428 2991 de
450 2927 495 2991 lu
516 2928 712 3010 diplomatica
732 2947 799 3012 cup.
826 2930 877 2992 10.

436 3111 449 3127 κ
483 3067 611 3133 CAPUT
631 3066 687 3131 111.

19 3233 20 3277 3
118 3208 251 3258 RSTICA
272 3211 314 3257 BT
334 3210 511 3257 SYHBOLICA
533 3208 804 3259 cannellortlanutt
827 3208 1037 3259 stoululcnato

150 3309 154 3314 ·
225 3292 350 3339 CONTRA
371 3292 531 3360 cuncutitur
551 3294 594 3340 BE
616 3293 702 3339 valna
722 3293 937 3341 autonomon.

128 3413 169 3477 ,1.
191 3392 337 3477 Claudius
356 3384 401 3480 Ile
422 3416 501 3479 Vert
520 3403 673 3481 contendit
687 3436 936 3499 unamquamque
948 3416 1061 3484 caera
1111 3487 1113 3491 .

19 3531 20 3580 3
110 3498 269 3559 romaniam
291 3496 402 3561 habere
423 3516 562 3564 caussam
589 3500 747 3581 physicam
769 3507 799 3563 et
825 3500 994 3565 naturalem
1017 3502 1059 3560 in-

110 3579 263 3641 stitutionis
285 3596 370 3651 suae,
395 3581 543 3671 rationem
564 3600 640 3648 vero„
651 3581 813 3653 moralem,
844 3582 1004 3661 mysticam
1021 3596 1056 3641 ac
