2567 4042
613 163 839 236 &190ss

251 296 283 357 S.
307 293 445 372 Gregorii
467 293 569 390 Magni
586 295 680 357 Hom.
700 292 739 353 13
761 293 791 351 iu
806 289 1004 369 Evangeiium
1020 291 1131 354 tutae
1147 291 1198 353 Lu·

250 395 357 437 cernas
389 375 562 439 ardentes
550 396 584 436 tn
604 377 742 437 menibus
778 383 926 444 6666666,
950 393 1019 434 cunt
1046 391 1104 452 per
1131 377 1198 436 tono

251 475 341 536 opera
356 459 511 538 proximis
532 461 640 519 murts
661 458 736 519 lucis
755 457 896 532 inempta
917 463 1127 518 monstramus.
1144 455 1199 517 Uti·

253 545 303 601 tur
325 542 439 618 pariter
454 536 618 601 Ecclesia
610 558 640 599 ru
656 537 898 601 Processionibus
913 539 1045 600 candelis
1058 540 1197 607 accensis
1260 571 1262 606 3

251 627 287 682 ut
316 621 463 699 significet
492 621 629 682 llammas
658 621 829 682 orationum
857 615 895 680 et
910 638 1046 698 precum.
1067 619 1134 682 Hoc
1154 621 1198 698 pio
1260 653 1263 682 l

253 704 314 763 ritu
334 703 515 764 accendendi
527 703 670 764 candelas
692 701 828 763 Ecclesia
849 703 941 770 etiam
965 706 1157 778 protestatur,
1173 719 1199 764 se

251 802 323 845 vera
347 783 433 854 Fide,
456 794 488 846 et
508 788 576 846 luce
597 803 689 846 verae
704 784 857 844 doctrinae
878 802 946 846 esse
967 783 1166 844 illuminatam
1184 802 1198 842 a
1262 805 1263 824 6

252 867 406 929 Salvatore
427 869 479 943 qui
499 868 559 928 init
573 867 624 927 lux
639 885 712 928 vera
727 863 897 930 illuminans
911 883 1033 926 omnem
1054 865 1198 926 hominem

249 949 280 1007 in
304 949 385 1008 hunc
409 949 555 1009 mundum
583 950 765 1009 venientem.
788 945 867 1008 Sunt
899 954 1061 1026 propterea
1082 947 1197 1008 Procee·
1262 969 1263 974 ¹

249 1030 350 1091 aiones
372 1031 458 1090 valde
479 1031 568 1094 utiles
582 1031 693 1108 populo
707 1027 888 1101 Christiane,
905 1031 944 1090 ob
966 1047 1109 1106 magnam
1129 1029 1195 1095 rim,
1262 1047 1263 1070 6

251 1129 341 1187 quarn
364 1112 477 1172 habent
498 1111 677 1190 impetrandi
702 1111 799 1171 aDeo
816 1113 956 1189 gratias,
977 1124 1121 1186 quarum·
1133 1111 1199 1170 indi·
1262 1131 1263 1154 ³

251 1209 367 1268 gemus:
392 1193 470 1254 unde
492 1195 586 1254 multa
609 1194 647 1252 ab
668 1192 841 1253 auctoribus
863 1194 1050 1256 adducuntur
1070 1192 1200 1268 exempla
1262 1233 1263 1238 1

186 1335 189 1340 ,
251 1275 478 1352 comprobantia
493 1273 610 1341 iructus
624 1275 860 1337 innumerabiles
881 1277 1093 1352 provenientes
1114 1273 1200 1335 fideli-

250 1355 311 1429 666
334 1375 350 1416 6
373 1345 624 1426 Processionibus.
642 1357 700 1416 rite
721 1362 752 1416 et
770 1364 854 1424 recte
876 1357 974 1417 [6666.Ι
989 1355 1095 1418 Vide
1101 1355 1205 1432 Quarti

252 1437 294 1496 De
307 1422 560 1504 Processionilius
576 1429 694 1518 punct
709 1426 835 1501 tinum
860 1437 900 1498 25
923 1429 988 1496 66.
1056 1469 1060 1476 ·

630 1597 757 1661 CAPUT
779 1599 818 1662 ll.

246 1779 290 1822 DE
311 1744 458 1822 runcinus
479 1779 510 1821 tit
534 1779 743 1824 PROCESSIONE
765 1779 826 1824 ruo
848 1779 1033 1823 euaristum
1054 1777 1199 1825 acriore,

289 1861 331 1903 E'l'
352 1861 394 1904 DE
416 1859 623 1904 PEOGESSlONE
645 1861 676 1904 in
699 1860 940 1904 TRANSEATIONE
961 1861 1134 1922 'SACRAEUM
1154 1858 1201 1902 ΒΕ·
1262 1871 1263 1890 ³

290 1941 464 1995 pronianum
485 1941 659 1987 INSIGNIUH.
788 1948 791 1953 '
1083 1962 1088 1966 ·

290 2085 316 2147 Ι,
341 2087 482 2166 Aequum
503 2095 549 2150 esi
570 2107 605 2149 ae
628 2090 830 2150 necessarium
852 2089 991 2159 omnino,
1022 2093 1058 2148 ut
1082 2092 1199 2163 accepto
1262 2107 1263 2134 2

248 2169 352 2230 aIieo
374 2172 481 2248 insigni
504 2173 604 2247 aliquo
636 2169 781 2231 beneficio
814 2169 851 2230 66
884 2169 995 2231 bonum
1026 2169 1201 2246 praesertim
1262 2211 1263 2214 ,

159 2313 168 2338 ι
248 2268 408 2316 commune
437 2261 469 2314 et
489 2254 640 2331 publicam
663 2252 824 2313 utilitatem
853 2257 1030 2328 spectante,
1062 2251 1200 2312 reddatur

248 2333 290 2394 illi
313 2333 413 2395 debita
434 2337 599 2412 gratiarum
621 2333 721 2405 actio,
747 2334 790 2394 uti
812 2337 895 2394 reete
916 2333 1070 2394 adnotavit
1096 2333 1263 2392 Banu-1

249 2413 358 2474 ialdus.
367 2418 404 2477 ad
425 2417 537 2494 Capitis
559 2417 659 2495 hujus
676 2412 849 2476 Rubrieam.
873 2413 1010 2508 ingratos
1043 2415 1126 2474 enim
1147 2412 1203 2473 odit
1262 2423 1263 2470 6

191 2570 194 2574 A
248 2495 355 2567 Deus,
380 2505 471 2574 atque
493 2499 624 2575 indigni
624 2497 704 2558 fiunt
716 2497 778 2580 qui
799 2513 891 2556 novas
914 2497 1025 2574 gratias
1042 2495 1221 2588 ι,66666666

196 2610 201 2615 ·
248 2582 282 2637 66
315 2577 393 2640 inter
423 2580 498 2639 alios
530 2577 711 2641 testaturS.
736 2578 905 2639 Bernartius
933 2578 1078 2639 Sermone
1102 2575 1184 2636 L'll
1177 2593 1202 2633 rn

249 2655 381 2720 Cantica.
406 2661 597 2739 Quapropter
618 2662 719 2721 statim
742 2677 776 2720 66
798 2661 955 2737 precibus
961 2659 1064 2738 populi
1094 2659 1143 2718 sui
1164 2657 1203 2714 in·

247 2737 371 2801 dulserit
392 2741 485 2812 Deus,
508 2761 661 2820 eumque
655 2743 700 2802 ab
722 2743 822 2835 aliqua
836 2743 1007 2805 calamitate
1023 2739 1232 2806 liberaverit,-

249 2822 299 2881 vel
321 2820 371 2882 illi
385 2825 515 2902 gratiam
537 2823 720 2901 singularem
743 2822 814 2883 satis
836 2823 1036 2884 desideratam
1065 2821 1203 2914 elargitus

249 2902 364 2974 luerit,
389 2922 463 2969 cura
486 2906 544 2965 erit
565 2904 730 2991 Episcopi,
755 2905 818 2964 sive
840 2905 908 2984 ejus
930 2903 1044 2965 Vicarii
1076 2887 1203 2962 indicere

162 3057 166 3062 ι
247 2983 475 3048 Processionem
506 3003 561 3062 pro
583 2984 749 3064 gratiarum
782 2986 909 3047 actione.
933 2985 1022 3047 Color
1053 3000 1204 3064 paramen-

247 3072 349 3126 torum
372 3054 642 3130 adhibendorum
634 3087 663 3126 ru
686 3067 743 3126 hac
764 3057 958 3130 Processioue
975 3069 1039 3128 erit
1060 3065 1184 3126 Albus
1177 3083 1202 3122 in

247 3148 365 3244 signum
398 3151 552 3218 laetitiae,
582 3154 674 3226 atque
696 3150 860 3210 concordat
891 3169 962 3212 cum
991 3148 1204 3213 solemnitate,-

247 3246 326 3304 quae
348 3231 453 3312 incipit
485 3233 524 3292 ab
545 3231 690 3311 Hymen,
715 3231 785 3290 sive
800 3229 921 3292 Cantieo
948 3229 983 3290 Te
1006 3231 1102 3292 Deum
1133 3225 1204 3288 Lon

246 3308 365 3372 dumus
406 3314 492 3376 Viae
511 3332 633 3391 quoque
665 3311 814 3390 designari
846 3313 955 3376 debent
985 3313 1146 3391 ampliores
1176 3315 1204 3369 et

246 3393 466 3463 commodiores
497 3415 515 3456 a
550 3397 692 3473 magistro
725 3411 878 3456 sacrarum
914 3394 1201 3460 Caeremoniarum‚

247 3491 326 3548 quae
355 3477 383 3538 si
405 3478 559 3555 tapetibus
590 3484 621 3538 66
642 3474 774 3542 aulaeis
778 3477 921 3554 velisque
951 3468 1088 3545 coloratis
1120 3489 1202 3532 orna-

252 3562 377 3629 rentur,
401 3558 536 3670 maxime
559 3557 779 3630 concordarent
803 3575 874 3620 cum
900 3559 1053 3622 communi
1076 3555 1200 3660 laetitia,
