2567 4042
473 192 701 266 missos».
763 163 765 166 ’

110 321 299 397 sequioribus
329 323 457 384 saeculis
490 321 621 383 futuram
638 321 808 382 Stationem
837 339 853 380 a
877 321 1065 384 subdiacono

111 400 315 480 Regionario,
334 403 422 464 dccet
453 421 508 464 nos
529 402 611 463 Ordo
632 401 786 465 Romanus
809 400 866 462 Xl.
891 401 937 460 Ad
965 404 1065 466 locum

110 483 505 545 Stationumdelcrebantur
526 503 564 545 ex
578 485 765 545 Patriarcbio
787 482 977 544 lateranensi
994 503 1074 550 vass,

112 581 210 634 sacra,
235 572 399 643 praeeunte
421 563 519 627 Crucc
540 565 694 626 stationali
718 563 893 632 Pontificem
927 566 956 623 in
988 564 1072 636 Sella,
1104 607 1108 616 -

110 649 290 724 gestatoria,
314 665 405 722 quam
427 647 598 726 ecs-portari
620 665 685 707 mos
701 653 777 708 erat.
795 645 949 706 lnterdum
965 654 1073 714 tamen,
1157 685 1161 692 -

109 746 189 805 equo
210 728 399 797 vehebatur,
423 737 457 791 ut
477 747 515 790 ex
527 729 666 804 antiquis
681 727 823 790 Romanis
837 726 999 790 Ordinibus
1013 729 1067 791 ad·
1121 725 1124 728 ’

108 809 222 870 discere
243 811 323 871 licet.
578 832 580 835 ·
662 869 667 876 ‚
1073 871 1075 876 s

150 890 206 951 lll.
231 889 437 954 processiones
459 889 689 952 Ecclesiasticae
711 892 851 968 antiquae
874 892 949 952 adeo
972 897 1061 958 suut,

108 980 143 1032 ut
164 990 271 1033 earum
292 974 437 1051 originem
461 977 598 1048 repetere
632 973 782 1048 possimus
809 975 900 1034 etiam
922 991 938 1032 a
961 973 1066 1036 Veteri

109 1052 314 1116 Testamenta.
338 1054 450 1116 Esdrue
464 1052 553 1131 :Cap-
571 1051 645 1125 Xll,
671 1054 836 1114 instaurata
851 1052 1065 1133 Hyerosolima

109 1141 177 1211 post
199 1137 401 1214 captivitatem
424 1135 646 1206 babilonicam,
664 1135 792 1212 legimus
813 1136 953 1206 indictam
976 1136 1066 1202 tuisse

111 1217 526 1279 processionemsolemnem
547 1234 616 1276 cum
650 1217 820 1290 interventu
842 1215 1063 1286 Sacerdotem,

108 1298 308 1369 Lesitarum,
332 1304 362 1360 et
384 1297 486 1374 populi
508 1298 537 1358 in
560 1298 727 1373 gratiarum
750 1300 897 1359 actionem
913 1315 969 1376 pro
984 1303 1067 1361 tanto

107 1378 260 1443 beneficio
288 1399 359 1441 cnm
392 1379 494 1441 choris
508 1443 512 1450 ,
526 1379 699 1448 canentium
722 1379 785 1439 Deo
814 1376 916 1442 laudes
938 1379 1062 1442 debitas.

108 1460 250 1523 Omissis·
266 1463 333 1522 aliis
355 1459 475 1521 Veteris
497 1459 681 1522 Testamenti
702 1460 970 1530 Processionibus,¹
991 1478 1066 1538 quas

109 1549 269 1605 recensent
289 1544 462 1609 Gretserus,
479 1539 626 1612 Eveibon,
644 1547 674 1602 ct
695 1543 746 1602 alii
761 1547 908 1604 auctores
922 1540 1064 1622 permulti

108 1626 137 1684 in
159 1624 326 1687 Tractatu:
351 1624 395 1684 lie
417 1623 519 1684 Sacris
541 1621 798 1691 Procedentibus,
824 1623 852 1683 in
874 1623 1073 1692 Testamenta

106 1706 193 1766 Novo
213 1707 346 1793 primum
369 1706 544 1780 exemplum
561 1704 717 1772 'habemns
745 1705 869 1781 Josepbi
893 1711 932 1766 -et
954 1703 1066 1768 Mariae

106 1807 178 1850 cum
200 1806 294 1865 puero
316 1785 387 1848 lesu
401 1826 417 1854 ‚,
433 1786 503 1861 quis.
526 1786 582 1846 uti·
596 1786 706 1862 legitur
722 1788 750 1847 in
767 1787 930 1865 Evangelio
952 1787 1073 1855 lucae,-

108 1869 214 1948 Capite
236 1869 379 1934 secundo,
397 1867 595 1928 ascenderunt
616 1866 653 1925 ad
669 1866 748 1934 diem
770 1867 878 1930 testum
895 1867 1069 1946 Hierosoly

108 1967 204 2020 mam;
231 1951 409 2012 tenebantur
431 1949 632 2009 enimomnes
648 1944 752 2010 ludaei
768 1951 943 2024 quotannis,
960 1967 1067 2020 secun-

108 2033 182 2092 dum
198 2031 314 2108 'legem
336 2029 451 2108 Moysis
478 2045 653 2104 expressam
675 2031 705 2088 in
727 2029 831 2094 Exodo
853 2035 884 2090 et
904 2031 933 2088 in
956 2031 1068 2098 brute

109 2113 260 2182 rnnomio,
276 2121 323 2175 ter
343 2114 478 2172 revisere
498 2107 808 2188 Hierosolymitanum
830 2109 999 2188 Templum.
1013 2110 1069 2174 Ce-

106 2199 231 2266 terum,
253 2200 287 2256 ut
305 2194 349 2254 ait
369 2190 503 2253 Eveillon
526 2190 570 2261 De
593 2188 852 2263 Proconnensium,
884 2190 988 2268 Capite
1018 2209 1067 2252 se.-

110 2276 210 2336 cundo
232 2294 298 2353 pag.
325 2275 366 2334 12
386 2279 417 2334 et
436 2271 631 2350 seqq..babet
645 2273 737 2332 ctiam
754 2272 900 2350 insignem
917 2274 1065 2350 quandam

111 2357 243 2434 speciem
266 2356 469 2418 Processionis
490 2351 720 2416 Ecclesiasticus
741 2355 873 2432 egressio
895 2355 947 2415 illa
967 2355 1067 2434 pupuli

110 2437 379 2517 Hierosolymitani
402 2437 430 2496 in
453 2453 611 2513 occursum
633 2433 753 2498 Domini
775 2435 963 2509 Salvatoris,
988 2453 1066 2512 quas

108 2520 288 2582 describitur
308 2517 456 2580 Matthaei
476 2515 580 2595 Capite
602 2515 755 2593 Vigesimo
775 2517 883 2595 primo,
898 2516 992 2578 Marci
1013 2515 1069 2580 Ca·

110 2600 170 2676 pite
200 2601 380 2668 undecimo,
403 2597 503 2661 Lucae
524 2596 628 2674 Capite
650 2599 856 2667 decimonono.
869 2598 1069 2678 ¹Christianus

111 2681 267 2761 Lupusin
289 2701 345 2743 suo
366 2680 520 2741 Tractatu:
539 2678 583 2738 Dc
598 2675 836 2740 Processionibus
850 2682 943 2743 etalii
966 2687 1068 2744 tenent

111 2781 212 2824 sacras
233 2763 440 2824 Processiones
462 2762 498 2830 in
514 2759 686 2824 Christiana
717 2759 872 2840 Religione
906 2762 999 2824 luisse
1030 2761 1068 2822 ab

111 2845 182 2924 ipsis
202 2843 355 2922 Apostolis
369 2844 544 2911 institutas,
567 2841 618 2918 qui
640 2859 693 2904 eas
712 2859 730 2902 a
746 2841 903 2922 synagoga
918 2851 1068 2906 mubratas

112 2927 141 2986 in
164 2927 331 2989 Ecclesiam
353 2925 560 2986 traduxerunt.
578 2921 667 2984 Certe
689 2923 780 2986 luisse
802 2943 854 2986 eas
875 2925 906 2984 in
929 2943 986 2986 usu
1003 2943 1068 2986 see-

112 3009 182 3069 culo
204 3007 315 3069 Christi
338 3006 488 3072 secundo,
512 3021 551 3065 ex
571 3002 757 3066 Tertulliano
779 3011 880 3082 patet,
904 3008 955 3082 qui
976 3007 1068 3078 uariis

114 3089 188 3168 loeis
210 3088 276 3167 ejus
298 3089 374 3150 ritus
394 3087 554 3152 meminit,
578 3087 757 3162 praesertim
778 3071 853 3148 vert
867 3086 963 3160 Libro,
978 3087 1006 3151 ll
1028 3085 1069 3148 cd

116 3165 255 3231 Umorem,
279 3168 382 3230 Fateri
405 3185 477 3230 vero
492 3166 573 3228 ,illud
588 3169 748 3246 cogimur,
772 3173 838 3244 post
860 3168 959 3238 datam
975 3187 992 3228 a
1007 3168 1069 3238 lde-2

114 3267 172 3326 gno
193 3250 384 3314 Consentino
413 3248 566 3318 Ecclesiae
591 3267 718 3326 pacem,
743 3249 877 3325 publicas
901 3248 1069 3332 Processiof

26 3388 28 3393 .
114 3348 167 3406 nes
181 3332 362 3395 lactnsessc
376 3333 524 3397 solemnes
545 3345 580 3389 ac
603 3329 870 3408 frequentissimus.
888 3329 1075 3394 Dividuntur'

116 3413 239 3491 insuper
259 3411 490 3484 Processimus,
513 3418 548 3476 ut
566 3409 675 3489 ajunt,
701 3414 733 3472 in
753 3411 868 3484 laetas,
890 3419 922 3474 et
943 3415 1067 3483 tristes,
1095 3456 1097 3460 .

113 3511 171 3554 ssu
189 3495 350 3573 lugubres.
374 3512 503 3573 quarum
526 3491 665 3566 meminit
686 3493 847 3556 Duranius
874 3494 939 3556 Lib.
968 3493 996 3556 ll
1026 3494 1069 3555 lle

115 3575 220 3638 ritibus
236 3575 388 3640 Ecclesiae
405 3575 582 3644 caudicae,
598 3568 703 3655 Capite
716 3573 835 3638 decimo
851 3593 934 3639 num.
950 3574 1066 3646 &Lae
