2567 4042
595 138 669 260 ἦ»
692 185 833 258 27οω-

253 314 413 394 prolerre,
442 316 620 392 praesertim
642 333 712 377 aum
734 315 789 376 toli
817 314 986 392 antiquitati
1007 315 1195 376 subscribant

252 401 311 458 duo
333 396 533 459 Oecumenica
554 397 707 467 Consilia,
731 395 937 458 Florentinum
960 397 989 456 in
1011 396 1135 457 Decreta
1150 398 1196 458 de

253 480 463 548 Sacramentis,
481 488 511 540 et
525 480 742 550 Tridentium,
755 479 892 541 Sessione
903 477 961 538 Vll
972 477 1016 538 De
1027 477 1194 556 Baptismo,

252 560 325 622 Can.
342 562 381 624 ll.
405 559 564 624 Praeterea
586 563 636 622 bic
659 569 738 630 nota,
762 562 888 622 electam
910 578 1030 637 quoque
1051 559 1141 621 luisse
1165 579 1199 621 a·

252 661 343 720 quam
365 660 419 723 pro
435 645 561 706 materia
575 643 732 722 Baptismi,
748 644 827 721 quod
849 645 879 702 in
894 642 1045 720 Baptismo
1068 644 1194 711 scilicet,

252 725 304 802 qul
326 744 404 802 aqua
425 733 550 797 constat,
567 727 728 804 praecipua
743 726 799 786 Dei
820 724 963 786 attributa
984 725 1197 786 commendan-

252 812 312 874 tur,
336 814 369 870 ut
391 808 523 885 pluribus
544 810 632 868 docet
652 807 854 869 Tertullianus
875 808 903 867 in
925 803 1013 867 Libro
1036 807 1070 866 de
1091 805 1199 884 Bapti-

251 906 321 948 smo.
339 887 439 948 Primo
454 889 554 966 itaque
569 891 669 952 elucet
690 891 720 950 in
741 908 777 950 eo
792 887 847 948 Dei
868 889 1037 965 sapientia,
1059 891 1111 965 qni
1132 905 1197 948 me-

253 971 301 1030 dio
324 971 436 1032 scilicet
456 973 608 1048 aptissimo
631 990 703 1032 usus
723 976 790 1038 est,
814 971 850 1030 ad
873 971 1080 1047 explicandum
1102 971 1199 1031 caele-

251 1058 327 1112 stem
343 1053 484 1130 Baptismi
506 1053 661 1124 ellectum,
679 1055 836 1130 ipsumque
857 1051 895 1111 ob
918 1052 1075 1113 hominnm
1094 1053 1199 1115 oculos

252 1133 371 1210 posuit.
396 1135 446 1211 qui
467 1151 525 1194 non
547 1137 602 1195 nisi
624 1151 805 1212 per-sensus
825 1133 992 1211 spiritualia
1006 1135 1194 1213 percipiunt.

251 1213 389 1275 Secundo
419 1216 517 1278 elucet
547 1219 639 1278 eliam
670 1234 761 1292 quarn
785 1217 914 1276 maxime
936 1216 993 1278 Dei
1013 1216 1200 1294 omnipoten-

251 1299 313 1366 tia,
337 1298 408 1358 dnm
430 1300 578 1360 elementa
599 1299 728 1358 multum
749 1298 856 1358 humili
878 1297 982 1366 utitur,
1005 1305 1040 1358 ut
1060 1296 1197 1374 magnifi-

251 1396 321 1440 cum
335 1384 477 1457 operetur
491 1381 646 1442 effectum.
663 1380 766 1440 Tertio
794 1378 953 1455 singularis
967 1397 1084 1456 qnoque
1099 1381 1128 1438 in
1143 1398 1198 1439 nos

250 1458 307 1521 Dei
328 1462 436 1520 caritas
462 1464 583 1532 elucet,
608 1462 659 1539 qui
682 1463 711 1520 in
730 1461 923 1522 Sacramenta
949 1463 1070 1522 omnino
1093 1478 1197 1522 neces·

250 1543 329 1603 sario
357 1543 395 1602 ad
423 1543 661 1621 consequendam
689 1543 842 1618 salutem,
872 1545 1030 1620 materiam
1056 1543 1195 1603 omnibus

250 1624 413 1701 persiam,
436 1631 468 1685 et
488 1627 599 1701 ubique
621 1641 814 1684 communem
835 1625 971 1686 instituit.

292 1703 346 1764 lll.
369 1705 513 1785 Baptismi
533 1706 662 1766 termam
685 1706 785 1767 docuit
801 1705 960 1783 Apostolos
974 1703 1110 1766 Christus
1132 1706 1197 1783 ipse

250 1784 407 1857 Dominus,
438 1807 473 1848 ac
495 1806 549 1864 per
573 1806 625 1847 eos
652 1788 821 1849 nniversam
844 1785 1025 1858 Ecclesiam,
1043 1806 1111 1849 cum
1129 1789 1196 1847 nait

252 1874 316 1928 lens
337 1868 402 1927 illos
425 1871 455 1930 in
474 1871 650 1930 universnm
672 1870 828 1938 mundum,
843 1867 931 1947 jussit
944 1871 1127 1948 praedicare,
1144 1869 1197 1929 ba·

250 1950 395 2026 ptizantcs
416 1951 446 2010 in
468 1953 587 2011 nomine
606 1949 716 2022 Patris,
741 1957 771 2012 et
785 1949 862 2021 Filii,
887 1957 918 2012 et
933 1951 1059 2030 Spiritus
1081 1951 1193 2011 Sancti.

249 2027 329 2100 Hinc
350 2031 551 2095 Tertullianus
572 2033 663 2094 Libro
684 2033 721 2093 de
735 2024 886 2110 Baptis’mo
908 2029 1197 2109 Cap.13.Leaa,in=

250 2112 325 2190 quit,
350 2113 485 2192 tinpendi
503 2115 642 2193 imposita
665 2123 715 2184 est,
739 2102 767 2174 et
787 2115 888 2192 forma
903 2117 1118 2195 praescripta:
1139 2113 1195 2182 Ile,

249 2195 357 2272 inquit,
383 2195 482 2256 docete
504 2196 646 2263 nationes,
664 2196 805 2271 tiupentes
828 2213 875 2256 eas
897 2198 1065 2258 innomine
1079 2195 1195 2266 Patris,

251 2287 278 2337 et
292 2273 375 2346 Fuit,
391 2287 418 2337 et
432 2277 565 2356 Spiritus
579 2277 691 2338 Sancti.
709 2274 837 2338 Formae
858 2274 960 2339 alosa
976 2275 1095 2338 Christo
1110 2294 1199 2354 prae-

250 2360 404 2434 scriptae,
427 2363 501 2423 teste
522 2356 659 2419 Martene
680 2356 746 2418 Lib.
772 2360 802 2418 1.
826 2359 871 2419 De
892 2359 1026 2438 antiquis
1046 2357 1197 2420 Ecclesiae

236 2440 356 2500 ¹ritibus
378 2437 481 2518 Capite
496 2439 510 2500 Ι
523 2440 650 2500 articulo
665 2438 741 2502 XIV
756 2459 839 2502 num.
856 2439 925 2508 XV,
943 2440 1079 2502 nonnulla
1102 2441 1197 2502 verba

250 2520 409 2587 addebant,
433 2539 487 2582 seu
507 2521 726 2583 interserebant
747 2520 900 2583 Ecclesiae
922 2521 1196 2584 Gallicanae.Nam

182 2606 186 2612 ⁴
250 2604 280 2662 in
301 2603 422 2678 antiqno
437 2603 550 2664 Missali
564 2600 871 2674 Gothico-Gallicano,
890 2603 969 2680 quod
991 2603 1122 2682 vulgavit
1143 2603 1198 2663 do-

251 2684 401 2744 ctissimus
430 2689 461 2745 et
483 2684 721 2761 religiosissimus
743 2683 906 2746 Cardinalis
927 2684 1131 2756 Thomasius,
1155 2686 1199 2745 ita

251 2767 430 2842 exprimitur
452 2765 594 2845 Baptismi
615 2765 727 2826 lorma:
750 2766 877 2846 Baptizo
898 2774 924 2825 te
944 2766 978 2826 in
993 2765 1121 2828 Nomine
1137 2764 1199 2828 Pa-

252 2847 310 2907 tris
332 2844 457 2919 erratu,
475 2859 502 2907 at
515 2847 649 2928 Spiritus
671 2849 774 2910 Sancti
794 2851 829 2909 in
849 2847 1049 2909 remissionem
1065 2857 1201 2928 pecccato-¹

251 2947 333 3000 rum,
348 2939 383 2989 at
404 2930 509 2990 babeas
536 2931 629 2990 uitam
651 2940 812 2991 aeternam.
829 2930 938 2991 Forma
959 2929 1103 3007 Baptismi
1118 2931 1200 3009 apud

148 3007 154 3018 ’
249 3009 373 3071 Latinos
394 3017 450 3072 est:
463 3008 528 3089 Epo
550 3019 576 3070 te
597 3013 717 3092 baptiza
733 3014 766 3074 in
781 3011 898 3072 nomine
912 3008 1024 3080 Patris,
1038 3020 1065 3072 et
1077 3009 1150 3073 Filii
1171 3023 1202 3072 et

174 3123 176 3126 ·
251 3093 385 3173 Spiritus
409 3092 526 3154 Sancti.
552 3091 639 3169 apua
666 3091 798 3154 Graecos
824 3110 898 3154 vero
926 3100 994 3154 est:
1017 3092 1200 3172 Baptizatur

251 3193 349 3235 seruas
369 3172 428 3233 Dei
443 3177 482 3238 iu
503 3175 622 3234 nornine
636 3173 748 3246 Patris,
772 3185 800 3236 et
820 3172 904 3245 Filii,
928 3185 955 3235 at
968 3175 1100 3255 Spiritus
1123 3173 1200 3235 San

250 3256 312 3325 cti,
336 3261 370 3316 ut
391 3260 437 3316 est
458 3257 489 3315 in
510 3253 698 3336 Eucbologio
719 3257 916 3318 Graecorum.
931 3255 1014 3318 Solos
1035 3255 1105 3322 olim
1125 3254 1200 3334 Epi·

248 3354 354 3414 scapos
379 3337 473 3400 tuisse
501 3337 668 3406 ordinarios
694 3345 725 3402 et
750 3339 897 3416 legitimos
922 3338 1107 3400 Sacramenli
1139 3339 1199 3399 Ba-

247 3418 350 3496 ptismi
371 3420 539 3486 ministros,
567 3425 704 3482 constans
724 3426 771 3482 est
792 3426 822 3480 et
843 3421 1008 3482 indubitata
1035 3420 1196 3482 sententia.

249 3497 281 3560 S.
304 3498 437 3576 lgnatius
457 3499 595 3582 Epistola
616 3501 656 3561 ad
678 3501 868 3582 Smprnenses
889 3520 972 3564 num.
989 3501 1060 3562 Vlll
1075 3500 1146 3564 Non
1159 3503 1199 3562 li-

250 3589 294 3640 cet
314 3581 376 3640 sina
391 3579 536 3664 Episcopo
556 3600 651 3663 nepae
672 3583 844 3662 baptizare,
867 3601 960 3666 napae
980 3603 1104 3666 upapam
1125 3584 1198 3644 eele-
