2567 4042
595 177 820 253 &ibidm-

168 361 171 368 .
229 307 324 368 menti
340 307 483 369 mulieres
497 307 664 386 subjectae,
682 306 891 386 purificatione
913 306 1047 385 indigere
1064 305 1189 375 videaur.

229 393 290 457 tur,
312 389 372 449 trac
395 389 460 468 lege
482 396 583 451 tamen
605 390 730 451 minime
752 391 1006 468 constringuntur.
1031 386 1116 449 Haec
1131 389 1184 449 Be·

228 469 357 534 nedictio
379 470 416 530 de
439 472 564 533 consilio
585 479 653 540 cet,
678 491 736 533 non
758 473 795 533 de
818 476 990 549 praeceptov
1015 468 1094 531 llinc
1116 474 1182 541 est,

226 553 309 629 ‚quod
332 551 363 612 S.
380 549 507 614 Carolus
529 553 644 615 Concil.
669 551 759 615 Prov.
785 553 799 614 l
820 571 851 631 p.
875 552 897 613 2
918 570 976 613 non
998 551 1078 611 aliud
1101 551 1183 615 dicit.

227 634 298 703 nisi,
315 635 395 711 quod
410 633 539 696 Parochi
555 640 698 696 moneant
714 652 891 714 puerperas,
905 640 939 695 ut
954 634 1183 709 cumprimum,

226 719 296 793 post
317 721 449 799 partum,
473 717 598 777 domum
622 718 764 787 exierint,
781 736 853 777 moa
875 716 912 777 ad
934 714 1103 776 Ecclesiam
1119 711 1184 775 Deo

226 798 341 875 gratias
362 806 486 860 acturae
506 800 663 869 accedant,
680 800 732 860 ubi
748 798 993 860 Benedictionem
1016 794 1184 857 al'arocbo
1214 793 1225 811 ‘

226 879 404 955 suscipiant.
421 876 529 957 ltaque
543 880 708 942 laudandae
731 880 874 941 mulieres
896 879 1094 951 Christianae,
1107 895 1184 954 quae

225 960 290 1023 sive
312 977 349 1019 er
371 964 539 1023 reverentia
562 981 631 1039 erga
651 959 819 1025 Ecclesiam
848 982 883 1025 ac
905 960 1019 1035 Divina,
1040 960 1185 1040 mysteria

228 1042 358 1118 quaein
382 1043 447 1119 ipsa
470 1051 671 1121 peraguntur,
696 1046 759 1105 sive
781 1044 920 1123 exemplo
943 1041 1091 1121 Deiparae
1113 1042 1184 1103 Vir-

227 1124 316 1201 ginis,
341 1141 420 1199 quae
441 1144 479 1187 ex
501 1126 674 1187 bumilitate
696 1126 768 1204 Legi
790 1146 822 1187 se
844 1126 996 1195 subdidit,
1019 1140 1184 1187 consueue-

228 1211 300 1267 runt
330 1207 421 1267 etiam
444 1208 527 1284 ipsae
548 1208 586 1267 ad
609 1212 728 1285 tempus
750 1207 872 1286 aliquod
904 1208 943 1267 ab
964 1204 1118 1267 Ecclesiae
1140 1206 1185 1265 in-

229 1292 335 1366 gressu
357 1288 520 1361 abstinere,
540 1290 649 1365 necin
672 1306 740 1351 eam
763 1291 886 1359 intrare,
903 1288 958 1348 nisi
981 1306 1013 1351 se
1028 1286 1184 1357 Sacerdoti

226 1372 515 1449 praesentaverint,
539 1378 570 1432 et
592 1373 656 1447 ipsa
678 1370 820 1448 precibus
841 1370 990 1447 aliquibus
1012 1368 1184 1448 praemissis

228 1452 297 1513 illas
317 1452 530 1522 introduxerit,
544 1451 633 1531 juxta
655 1452 747 1513 ritum
766 1454 987 1531 praescriptum
1009 1453 1038 1512 in
1060 1452 1118 1511 hoc
1132 1468 1185 1511 no·

225 1538 291 1594 stro
313 1532 426 1594 Rituali
449 1533 597 1597 Romano.
622 1533 776 1607 'Quamvis
796 1552 835 1595 ex
856 1532 971 1593 Rituali
1002 1539 1103 1593 nostro
1125 1531 1186 1592 uo-

227 1632 317 1675 mano
350 1615 482 1677 liberum
508 1617 547 1676 ait
569 1615 692 1677 mulieri
722 1615 874 1692 adquam
906 1614 993 1675 malit
1013 1612 1204 1675 Ecclesiam'

226 1696 397 1768 accedere,
422 1715 480 1758 non
502 1697 647 1758 addubito
669 1703 771 1757 tamen
793 1698 865 1773 quin
887 1697 1027 1759 standum
1041 1698 1080 1757 sit
1099 1712 1184 1770 rece·

230 1784 300 1856 ptae
315 1777 448 1840 locorum
463 1778 672 1841 consuetudini
684 1796 718 1839 ac
734 1777 933 1859 Synodalibus
947 1779 1077 1839 statutis.
1091 1776 1182 1843 Certe

228 1859 308 1935 quod
329 1876 347 1921 a
368 1856 507 1921 Parocbo
528 1862 660 1921 debeant
682 1878 852 1939 puerperae
874 1860 1111 1921 benedictionem
1134 1874 1185 1917 ac-

225 1942 339 2018 cipere,
362 1943 467 2003 statuit
489 1962 548 2004 non
569 1961 630 2004 uno
652 1941 683 2001 in
705 1944 770 2003 loco
793 1940 825 2003 S.
849 1942 984 2011 Carolus,
1001 1948 1032 2004 et
1045 1957 1183 2020 praeser-

227 2024 281 2084 tim
304 2024 334 2081 in
356 2023 536 2085 Provinciali
558 2024 573 2087 I
593 2022 738 2085 Concilio.

268 2103 308 2165 ll.
339 2104 396 2166 Sed
428 2124 483 2185 age
514 2107 702 2185 explicemus
729 2107 805 2167 ritus
827 2105 920 2185 hujus
953 2104 1179 2167 benedictionis.

226 2184 414 2259 Quibusdam
437 2189 468 2248 in
489 2188 572 2255 locis,
597 2194 631 2249 ut
652 2191 781 2251 testatur
801 2188 906 2265 Lupus
928 2187 1023 2248 Tomo
1044 2185 1086 2247 lv
1103 2183 1185 2263 Ope·

227 2285 298 2327 rum
319 2269 459 2329 editionis
488 2268 625 2332 Venetae
647 2271 676 2329 in
698 2267 932 2331 Dissertatione:
958 2268 1002 2330 De
1024 2265 1056 2327 S.
1073 2266 1183 2327 Leonis

226 2345 304 2409 Noni
326 2349 435 2418 Actis,
458 2351 644 2428 purificanda
666 2350 776 2411 mulier
808 2369 877 2412 cnm
910 2350 1005 2411 multo
1032 2350 1182 2409 sociarum

196 2480 202 2489 .
226 2432 374 2491 comitatu
404 2431 540 2508 procedit
560 2434 598 2493 ad
620 2430 813 2501 Ecclesiam,
836 2437 868 2495 et
898 2430 1031 2511 singulae
1063 2436 1180 2508 gestant

226 2526 263 2570 ac
284 2513 415 2573 ollerunt
436 2514 606 2576 candelam.
629 2512 782 2591 Siquidem
805 2516 885 2577 enim
914 2514 990 2575 haec
1016 2512 1182 2574 mulierum

177 2610 181 2617 ·
225 2591 394 2670 purificatio
426 2594 463 2655 ad
493 2596 669 2672 exemplum
691 2592 909 2657 Purificationis
937 2596 1086 2672 Deiparae
1107 2591 1180 2663 Vir,-

225 2674 303 2750 ginis
326 2676 457 2736 instituta
479 2678 544 2741 sit,
567 2678 611 2737 uti
638 2679 717 2738 inter
737 2676 810 2739 elios
833 2682 916 2739 notat
936 2675 1094 2737 Durandus
1109 2675 1177 2735 Lib.

226 2754 286 2818 Vll
311 2756 504 2829 Rationalis,
527 2756 600 2835 Cap.
627 2756 712 2827 Vll,
736 2758 813 2823 sicut
845 2762 873 2821 in
906 2760 969 2837 ipso
994 2755 1181 2819 Purifioatio·

226 2838 274 2899 uis
295 2836 385 2900 Festo
406 2839 502 2903 solent
523 2842 706 2919 exactique
727 2840 788 2902 ritu
811 2840 915 2903 fideles
947 2856 1051 2901 cereos
1072 2854 1177 2909 accen

226 2936 275 2981 soa
296 2922 326 2981 in
349 2920 489 2983 manibus
511 2927 642 3000 portare3
668 2922 708 2981 ita
732 2922 980 2999 quoque'mulier
995 2919 1179 2999 purificatio·

173 3037 179 3056 ι
226 3018 297 3064 nem
319 3002 454 3072 taciens,
478 3004 634 3065 candelam
658 3020 813 3063 accensam
837 3022 928 3065 manu
950 3008 1043 3065 tenet.
1068 3002 1180 3079 Asper-

225 3085 307 3161 ssitur
327 3089 428 3147 autem
449 3104 527 3162 aqua
549 3086 732 3155 benedicta,
756 3086 828 3161 quia
855 3085 969 3147 scilicet
1002 3083 1181 3163 huiusmodi

224 3182 305 3242 aqua
326 3167 357 3227 in
385 3168 527 3232 omuibus
549 3169 612 3229 lere
633 3166 889 3231 benedictionibus
917 3186 956 3229 en
984 3166 1107 3242 antiquo
1128 3183 1181 3244 pa·

225 3247 302 3309 riter
323 3249 385 3308 ritu
406 3248 543 3309 adbiberi
564 3250 670 3313 soleat.
695 3246 775 3308 Stola
802 3266 856 3327 pro
888 3248 946 3310 bac
972 3247 1180 3309 benedictione

225 3327 315 3388 debet
346 3347 413 3391 esse
435 3330 495 3389 albi
517 3330 637 3391 coloris.
662 3327 840 3391 Genullexio
872 3331 910 3391 ad
942 3329 1043 3391 limina
1075 3327 1181 3389 Eccle-

224 3408 287 3469 siae
309 3406 370 3480 bt,
393 3414 426 3472 ut
446 3411 529 3472 clare
551 3416 651 3489 pateat
677 3410 831 3482 humilitas
862 3413 1013 3488 petentis,
1042 3428 1120 3487 quae
1142 3427 1180 3483 ex

164 3538 167 3542 «
203 3507 259 3551 ¹se
280 3490 415 3554 declarat
436 3510 496 3554 non
517 3506 583 3555 esse
605 3493 726 3571 dignam
754 3497 790 3553 ut
811 3493 1007 3571 ingrediatur,
1038 3509 1109 3554 cum
1132 3492 1181 3551 ad-

225 3573 288 3637 huc
308 3574 461 3652 impuram
482 3593 515 3636 se
530 3573 724 3643 confitentum
748 3579 840 3654 atque
861 3580 984 3654 propter
999 3572 1056 3634 boo
1079 3572 1181 3635 Sacer·
