2567 4042
458 196 520 259 w
543 186 684 261 125&

97 322 165 388 tute
178 316 399 391 benedictionis
420 334 459 377 ex
472 316 547 377 cibis
562 317 645 378 hisce
660 318 863 395 corporalibus
886 318 978 379 verbo
990 318 1048 380 Dei
1137 384 1140 389 ,

97 395 478 461 sanctificatis-excitemur
497 398 535 458 'ad
549 398 741 461 desiderium
773 418 807 459 ac
830 400 940 461 famem
965 401 1064 461 cibo-'

97 491 169 543 rum
201 482 403 560 spiritualium
435 481 563 542 animae.
598 480 729 557 Antiqua
751 488 796 542 est
827 484 932 557 procul
954 482 1045 545 dubio'

98 563 273 634 Benedictio
299 581 427 624 ovorum
448 563 477 622 in
499 549 639 633 Pascha,
664 568 824 641 extantque
847 564 876 623 in
898 560 1046 641 antiquio-

13 681 14 718 3
98 646 182 707 ribus
208 642 378 722 Ritualibns
408 646 558 705 orationes
590 662 645 721 pro
673 645 875 706 benedictione
904 664 1042 707 ovorum.

13 765 14 804 ,
98 726 190 797 Ova,
214 732 289 788 teste
310 725 387 787 Divo
409 726 577 806 Augustino
599 724 697 787 Serm.
720 724 762 785 29
790 725 830 788 'de
853 724 962 789 Verbis
984 726 1046 787 Do*

99 810 199 880 mini,
222 815 293 869 suut
318 808 489 888 symbolum
513 808 603 885 spei:
633 826 687 886 per
709 808 942 870 benedictionem
974 827 1045 887 ergo

98 908 241 960 ovorum,
257 909 333 967 quae
355 888 389 949 fit
410 892 439 949 in
459 891 585 960 Pascha,
603 891 748 968 erigimur
770 892 799 950 in
819 908 903 967 spem
924 890 1044 953 futurae

99 976 221 1035 nostrae
248 973 475 1035 resurrectionis
497 974 525 1033 iu
548 973 686 1051 gloriam.
710 972 797 1033 Plura
824 974 912 1035 etde
935 978 1046 1053 myste-

100 1057 165 1117 riiis
196 1055 410 1116 benedictionis
438 1073 563 1115 ovorum
593 1056 653 1131 legi,
671 1060 796 1132 possunt
826 1056 903 1131 apud
925 1054 1045 1133 Henge·

99 1138 174 1199 lium
187 1138 227 1199 ,in
241 1136 333 1200 Libr'o
355 1137 404 1199 oui
424 1136 540 1199 titulus:
557 1133 622 1205 Ocu
643 1134 807 1206 Pcscbalio,
820 1134 970 1211 Eblomotc
982 1135 1051 1201 xri

99 1228 125 1279 ct
146 1238 176 1279 se
220 1265 234 1279 ..
889 1262 892 1267 -

139 1238 229 1361 quli.
258 1300 338 1360 Loca
359 1317 444 1361 sacra
465 1300 572 1368 adire,
596 1318 630 1359 ac
654 1300 771 1378 longam
799 1302 974 1378 quandoque
997 1320 1045 1362 su·

98 1384 216 1461 soipere
230 1383 266 1442 ad
282 1381 332 1443 illa
347 1382 627 1460 peregrinationem,
644 1380 784 1458 frequens
798 1382 855 1443 fuit
869 1384 947 1442 inter
961 1382 1046 1444 Chri·

98 1464 221 1527 stianos.
238 1462 278 1523 Et
300 1464 420 1541 quidem
442 1482 459 1522 a
475 1465 579 1541 primis
592 1463 744 1525 Ecclesiae
767 1464 893 1526 saeculis
915 1466 944 1524 in
959 1483 1045 1527 more

100 1548 234 1624 positum
255 1548 337 1616 fuit,
362 1553 395 1608 ut
416 1546 519 1607 fideles
540 1544 803 1624 proficiscerentur
829 1545 865 1606 ad
888 1546 1047 1634 sepulchra

98 1628 330 1707 Martyrumet
350 1628 387 1688 ad
410 1629 474 1689 loca
489 1628 723 1705 praecipuorum
738 1628 951 1707 Mystcriorum
975 1644 1046 1706 ope*

97 1711 216 1771 ratione
237 1715 421 1772 consecrata.
439 1707 641 1787 Peregrinatio
664 1711 693 1771 in
710 1714 822 1771 terram
839 1718 971 1771 sanctam
987 1711 1044 1789 pri·

13 1810 16 1818 ’
98 1810 184 1855 mum
200 1793 298 1853 locum
312 1793 388 1853 iuter
403 1809 507 1851 omnes
522 1794 651 1863 obtinet,
661 1797 811 1868 quamque
825 1788 968 1870 frequens
983 1792 1046 1853 fue·

99 1875 147 1941 rit,
165 1874 255 1938 docet
268 1874 345 1935 inter
360 1874 434 1934 alios
446 1872 477 1933 S.
491 1871 705 1953 Hieronymus,
720 1879 785 1935 tum
800 1875 882 1946 alibi,
895 1880 960 1937 tum
974 1892 1045 1935 vero
1100 1898 1103 1903 ·

99 1957 278 2032 praesertim
298 1956 329 2016 iu
343 1952 476 2033 Epistola
498 1955 534 2016 ad
550 1955 737 2016 Marcellam.
747 1954 847 2033 Longe
862 1964 929 2017 ante
945 1960 1046 2018 datam

99 2036 254 2099 Ecclesiae
275 2055 401 2115 paoem,
424 2037 642 2113 frequentatam
664 2035 756 2097 fuisse
779 2034 927 2114 ejusmodi
948 2038 1046 2117 profe·

100 2122 229 2183 ctionem
251 2118 554 2199 Hierosolymitanam
577 2138 595 2179 a
610 2118 724 2179 Sanctis
739 2120 829 2187 Viris,
846 2121 933 2181 docet
953 2118 1047 2181 Euse-

99 2205 165 2265 bius
193 2204 224 2262 in
245 2199 380 2262 Historia
400 2201 634 2272 Ecclesiastica,
658 2200 723 2260 Lib.
747 2200 791 2262 Vl
817 2199 889 2279 Cap.
913 2202 969 2262 lX.
994 2200 1047 2261 Se-

100 2286 271 2363 quentibus.
284 2283 410 2345 saeculis
431 2284 489 2343 dici
510 2284 614 2359 nequit
627 2289 737 2358 quanta
753 2282 920 2357 frequentia
935 2302 970 2344 ac
985 2283 1047 2343 ani·

102 2370 142 2426 mi
163 2365 286 2428 fervore
308 2363 410 2426 fideles
442 2366 480 2424 ad
508 2364 656 2425 visitanda
678 2371 779 2427 sancta
811 2363 874 2426 loca
903 2365 1048 2427 Hieroso·

96 2448 213 2526 lymam
237 2452 408 2525 pergerent,
432 2445 540 2507 Varias
561 2445 590 2504 id
613 2463 707 2524 genus
729 2448 984 2525 peregrinationes
998 2466 1047 2507 re-

101 2534 202 2591 censet
228 2528 385 2590 Gretserus
418 2526 751 2611 peculiari-Tractatu,
775 2546 865 2606 quern
898 2530 934 2591 de
956 2531 1048 2591 sacris

100 2607 391 2689 Peregrinationibr'rs
423 2611 560 2671 instituit.
587 2607 764 2694 Peregrinos
793 2611 831 2670 ad
853 2614 917 2671 loca
948 2618 1049 2689 seuctg

99 2693 301 2771 profecturos,
325 2695 484 2767 antequam
506 2691 682 2761 discedant,
704 2690 789 2771 juxta
811 2694 922 2754 veteris
944 2694 1048 2755 Eccle-

86 2776 161 2836 siae
182 2774 363 2842 institutum‚
386 2774 496 2835 debere
511 2773 649 2849 accipere
665 2779 810 2853 patentes,
827 2793 880 2836 seu
892 2774 1048 2837 Commen-

99 2858 219 2919 datittas
234 2854 368 2917 ‚Litteras
390 2873 407 2914 a
429 2875 484 2917 suo
506 2854 683 2926 Ordinario,
707 2876 761 2918 seu
782 2854 941 2929 Parocho,
966 2863 1049 2919 recte

99 2939 192 3001 edicit
211 2936 330 2999 'Rituale
352 2938 532 2999 Romanum.
555 2934 694 2999 Obtentis
716 2940 836 3001 Litteris
853 2937 1048 3001 Commenda·
1091 2958 1095 2967 ·

99 3022 201 3092 titiis,
223 3020 344 3103 mandat
371 3021 449 3095 idem
470 3020 614 3091 Rituale‚
640 3027 675 3081 ut
700 3022 944 3107 peregrinaturi„
968 3024 1048 3083 facta

98 3108 294 3182 peccatorum
315 3120 440 3163 suorum
461 3100 678 3175 Confessione,
703 3103 854 3164 et-audita
877 3102 993 3175 Missa,
1017 3103 1048 3163 in

98 3205 160 3263 qua
183 3185 293 3244 dicitur
313 3181 419 3244 Oratio
441 3202 495 3260 pro
516 3182 800 3263 peregrinantibuS,
825 3182 1049 3259 sanctissimam

96 3265 321 3330 Eucharistiam
352 3266 461 3328 devote
481 3267 656 3345 suscipiant.
684 3266 772 3327 Ritus
803 3268 883 3326 enim
905 3262 1048 3345 antiquus

96 3355 143 3412 est
164 3348 204 3409 ab
224 3344 359 3409 Ecclesia
382 3348 546 3426 probatus,
569 3356 602 3411 ut
624 3348 843 3428 peregrinaturi
866 3349 922 3427 ipsi
945 3367 1048 3427 peram

95 3432 276 3510 praesertim
308 3448 343 3490 ac
366 3431 503 3509 uirgam,
531 3450 585 3491 seu
606 3432 745 3498 baculum
770 3473 777 3500 ,
802 3436 956 3508 tamquam
978 3430 1046 3491 insi·
1098 3438 1099 3441 ’

89 3514 167 3592 guia
189 3511 447 3594 peregrinationis,
464 3513 502 3574 ab
516 3512 612 3573 Altari
633 3513 670 3574 de
692 3531 784 3573 manu
806 3511 975 3574 Sacerdotis
996 3531 1045 3573 su·

97 3601 228 3656 merent.
252 3592 327 3657 Sunt
347 3596 436 3674 plane
457 3595 670 3667 instrumenta,
695 3594 806 3674 quibus
827 3594 1049 3659 Monachiiter
