2567 4042
594 159 655 222 em
676 147 854 219 dieb&-

230 279 361 339 alterum
383 281 420 340 ad
443 298 575 358 corpus.
599 280 730 341 alterum
752 280 788 340 ad
811 279 941 340 animam
964 266 1179 355 pertinentem.

233 357 273 420 Et
293 361 425 438 quidem,
450 363 530 441 qnod
545 363 685 424 ellectum
707 367 822 440 spectat
844 362 1042 438 pertinentem
1064 361 1102 424 ad
1119 378 1185 420 cor·

232 459 300 520 pus,
325 440 423 502 iacobi
441 443 572 523 Apostoli
590 445 760 506 testimonio
783 443 939 505 inhaerens
961 442 1099 520 Synodus
1120 441 1185 502 Tri·

234 523 352 584 declina
375 464 600 586 SessiobeXlV
622 525 694 603 Cap.
708 524 752 586 lll
774 526 884 587 diserte
907 522 1019 591 docuit,
1043 524 1184 586 tradidit-

233 624 304 683 que,
313 623 367 682 per
382 610 477 684 ipsum
490 608 715 669 Sacramentum
728 606 888 671 Extremae
902 603 1065 674 Euclionis,
1075 623 1185 684 aegro-

234 694 359 757 tantem,
376 691 532 749 sanitatem
555 691 687 772 corporis
708 689 869 757 interdum,
886 691 938 751 ott
958 689 1050 749 soluti
1064 690 1187 749 animae

162 769 165 774 ’
234 769 409 864 cupedierit,
435 775 584 851 consequi.
609 773 795 834 Adeiieclus
817 773 895 848 qnod
909 773 1024 833 attinet
1045 776 1188 849 respectu

234 855 362 920 animae,
387 861 516 930 quatuor
538 858 739 916 communiter
760 858 965 915 recensentur.
989 853 1127 914 Primum
1141 853 1189 911 lo-

235 952 304 993 cum
329 933 446 994 ridetur
468 937 602 996 obtinere
624 935 726 998 Gratia
749 935 958 1006 sanctificans,
982 935 1061 1010 quod
1083 936 1113 995 ei
1129 934 1187 994 Sa-

235 1020 389 1076 cramenta
401 1035 470 1078 curn
486 1019 610 1095 reliquis
623 1019 824 1094 Sacramentis
839 1014 998 1078 commune
1014 1022 1074 1086 est,
1091 1017 1187 1094 quod·

234 1115 294 1173 que
316 1097 471 1158 definitum
493 1103 585 1161 etiam
609 1101 665 1162 iuit
697 1118 714 1161 a
736 1100 910 1165 Tridentino
930 1099 1071 1161 Concilio.
1097 1097 1188 1159 Alter

234 1177 300 1256 ejus
322 1181 444 1242 eiiectus
466 1189 522 1251 est,
546 1199 630 1242 arma
652 1186 796 1260 viresque
817 1183 906 1251 dare,
930 1179 1040 1258 quibus
1064 1180 1188 1254 iortiter

235 1263 375 1324 resistere
398 1266 546 1340 possimus
561 1267 785 1337 incitationibus,
810 1283 884 1342 quas
900 1265 1026 1324 daemon
1047 1281 1189 1322 commu-

236 1345 282 1405 nis
304 1347 420 1422 generis
442 1348 534 1406 nostri
563 1346 657 1408 bostis
679 1348 789 1408 interce
816 1347 891 1407 solet
917 1337 977 1406 vita
1004 1347 1186 1422 praesertim

237 1427 483 1504 periclitantibus,
507 1432 539 1487 et
553 1425 694 1490 fiduciam
710 1430 790 1489 iliam
806 1428 891 1487 nobis
912 1433 1037 1488 conatur
1051 1428 1184 1503 eripere,

237 1525 326 1580 uuam
350 1511 378 1568 in
401 1518 524 1584 paterna
554 1507 608 1569 Dei
632 1511 835 1573 misericordia
857 1511 1004 1574 collocare
1025 1502 1184 1569 debemus.

235 1589 354 1650 Tertius
376 1593 503 1653 ellectus
525 1597 581 1658 est,
604 1593 706 1654 delere
728 1601 849 1671 peccata
872 1592 1015 1655 venialia,
1039 1595 1069 1652 'et
1091 1593 1186 1650 etiam

236 1675 373 1732 ruorlalia
379 1673 512 1750 ‚quando
528 1680 670 1750 aegrotus
682 1693 783 1737 veram
794 1674 1185 1751 concepitcontrictiouem,

235 1757 267 1812 et
288 1750 459 1816 facultatem
483 1773 540 1814 nou
563 1755 672 1818 habuit
692 1777 728 1819 ea
750 1755 918 1818 confitendi.
942 1754 1056 1816 Idcirco
1079 1754 1114 1814 Β.
1140 1755 1188 1816 la

235 1833 328 1894 cobus
350 1839 411 1898 ait:
436 1835 475 1896 Et
498 1838 525 1896 si
545 1839 725 1919 inpeccatis
745 1841 806 1910 cit,
830 1837 942 1898 scilicet
965 1836 1113 1906 infirmus,
1140 1854 1187 1897 re·
1254 1882 1255 1889 ι

235 1917 395 1978 mittentur
416 1922 455 1979 ei.
471 1918 605 1991 Quartus
618 1921 753 2018 deniqne
775 1928 806 1982 et
828 1921 952 1982 ultimus
973 1917 1065 1997 hujus
1080 1919 1190 1980 Sacra·
1254 1962 1255 1973 ι

234 2001 330 2059 menti
351 2002 493 2070 effectus,
525 2001 576 2078 qui
598 2003 625 2063 ei
648 2006 778 2064 manime
799 2003 936 2081 proprius
957 2005 1027 2071 est,
1058 2006 1103 2062 est
1126 2003 1189 2061 ani-

235 2099 315 2140 mam
339 2100 355 2141 a
379 2085 512 2162 reliqniis
535 2091 727 2159 peccatorum
751 2086 888 2145 liberare

277 2161 331 2221 lll.
350 2164 536 2261 lnuugendos
551 2183 617 2229 esse
630 2167 763 2227 infirmos
755 2175 935 2247 autequam
947 2183 1037 2225 sensu
1049 2171 1185 2232 careant,

233 2262 376 2320 expresse
400 2249 588 2322 graviterque
611 2251 742 2310 inculcat
765 2249 929 2313 Tridentini
951 2245 1075 2306 Conciiii
1097 2245 1187 2307 Cate-

234 2326 379 2395 cbismus,
405 2328 494 2389 Num.
519 2329 634 2392 lell.
660 2330 746 2404 Quod
769 2331 937 2408 antiquitus
954 2331 1053 2405 statim
1076 2335 1110 2388 ut
1132 2329 1188 2388 ali·

234 2410 303 2484 quis
325 2411 383 2468 vita
408 2413 624 2488 periclitaretur
649 2413 803 2480 infirmus,
827 2432 863 2472 eo
886 2415 948 2489 ipso
971 2400 1183 2487 inungeretur,

238 2507 302 2559 nec,
326 2498 359 2550 ut
374 2495 492 2553 omnino
505 2493 567 2571 jam
584 2497 758 2572 desperatus
773 2503 862 2563 esset,
880 2499 932 2553 aut
945 2497 1114 2552 extremum
1130 2509 1183 2551 ex·

236 2569 286 2630 hal
279 2573 391 2633 laturus
414 2576 551 2652 spiritum
568 2583 789 2662 expectaretur,
815 2575 923 2653 triplici
940 2575 1117 2650 comprobat
1139 2591 1184 2632 ar-

234 2663 377 2730 gumento
410 2657 544 2718 blactene
573 2659 639 2718 Lib.
665 2657 899 2737 lucentique
927 2655 1074 2716 Ecclesiae
1102 2653 1185 2716 Riti·

234 2735 298 2805 dns,
322 2735 393 2814 Cap.
414 2736 479 2798 vll.
504 2741 658 2802 Exveteri
682 2679 850 2801 Ecclesiaeq
856 2736 1189 2800 moreUuetioExtre·
1254 2780 1256 2788 .

236 2833 284 2876 rna
307 2837 391 2880 sacro
413 2819 529 2881 Viatico
552 2822 707 2884 consuevit
727 2824 907 2902 praemitti,
932 2827 967 2882 et
999 2821 1074 2880 haec
1097 2821 1187 2879 disci·

235 2900 314 2976 plina
344 2904 551 2980 praemittendi
569 2906 742 2966 Extremam
765 2903 941 2964 Unctionem
962 2899 1086 2962 Viatico
1116 2920 1187 2977 per·

218 2982 308 3041 ¹stitit
329 2985 364 3041 ad
382 2986 533 3045 saeculum
550 2985 646 3046 Xlll.
662 2985 795 3045 Tandem
812 2987 943 3063 eneralr
960 2983 1022 3043 iere
1036 2981 1185 3044 Occiden

234 3063 299 3123 talis
312 3063 462 3127 Ecclesiae
474 3068 688 3130 consuetudine
706 3075 860 3146 receptum
875 3073 931 3132 est,
946 3072 979 3125 nt
993 3054 1186 3126 Euch'aristia

232 3162 350 3206 sacram
367 3147 544 3209 Unctionem
560 3149 740 3227 praecedat:
766 3151 845 3227 quod
861 3154 993 3208 nostrum
1009 3147 1151 3207 Rituaie
1142 3165 1189 3204 ru·

231 3225 342 3307 jungit.
366 3231 429 3290 Nou
453 3234 560 3292 desunt
582 3239 683 3292 tamen
706 3232 793 3309 plura
823 3231 926 3291 itidem
954 3234 1057 3290 vetera
1084 3236 1116 3290 et
1136 3227 1189 3286 Ri-

235 3313 373 3379 tnalium,
397 3319 426 3373 et
448 3311 634 3408 Scriptorum
653 3314 728 3379 loca,
745 3313 854 3390 quibus
870 3314 1024 3381 doeemur,
1042 3311 1189 3404 praemis·

206 3409 304 3468 pum
328 3394 418 3454 luisse
436 3395 616 3455 Viaticurn
609 3413 707 3472 ipsum
725 3395 907 3455 Extraemae
921 3391 1071 3463 Unctioni,
1085 3393 1128 3453 uti
1143 3392 1190 3448 vi-

236 3473 307 3533 dere
331 3483 375 3533 est
397 3477 473 3551 apud
491 3478 626 3536 Martene
648 3475 715 3534 Lib.
729 3474 802 3534 lue
824 3476 960 3555 antiques
972 3473 1121 3534 Ecclesiae
1135 3472 1189 3532 ltr-

235 3555 322 3622 libne,
347 3555 420 3637 Cap.
448 3554 514 3626 vll,
539 3557 676 3675 Articulo
699 3555 753 3616 IV.
