<?xml version="1.0" encoding="UTF-8"?>
<!DOCTYPE html PUBLIC "-//W3C//DTD XHTML 1.0 Transitional//EN"
    "http://www.w3.org/TR/xhtml1/DTD/xhtml1-transitional.dtd">
<html xmlns="http://www.w3.org/1999/xhtml" xml:lang="en" lang="en">
 <head>
  <title>
</title>
<meta http-equiv="Content-Type" content="text/html;charset=utf-8" />
  <meta name='ocr-system' content='tesseract 3.04.00' />
  <meta name='ocr-capabilities' content='ocr_page ocr_carea ocr_par ocr_line ocrx_word'/>
</head>
<body>
  <div class='ocr_page' id='page_1' title='image "./institutionesli01marigoog_0144.png"; bbox 0 0 2567 4042; ppageno 0'>
   <div class='ocr_carea' id='block_1_1' title="bbox 623 192 847 266">
    <p class='ocr_par' dir='ltr' id='par_1_1' title="bbox 623 192 847 266">
     <span class='ocr_line' id='line_1_1' title="bbox 623 192 847 266; baseline 0 -13"><span class='ocrx_word' id='word_1_1' title='bbox 623 192 847 266; x_wconf 49' lang='lat' dir='ltr'><strong>witness</strong></span> 
     </span>
    </p>
   </div>
   <div class='ocr_carea' id='block_1_2' title="bbox 625 402 850 465">
    <p class='ocr_par' dir='ltr' id='par_1_2' title="bbox 625 402 850 465">
     <span class='ocr_line' id='line_1_2' title="bbox 625 402 850 465; baseline 0 -2"><span class='ocrx_word' id='word_1_2' title='bbox 625 402 753 464; x_wconf 81' lang='lat' dir='ltr'><strong>CAPUT</strong></span> <span class='ocrx_word' id='word_1_3' title='bbox 775 404 850 465; x_wconf 86' lang='lat' dir='ltr'><strong>Vll.-</strong></span> 
     </span>
    </p>
   </div>
   <div class='ocr_carea' id='block_1_3' title="bbox 398 580 1269 671">
    <p class='ocr_par' dir='ltr' id='par_1_3' title="bbox 398 580 1269 671">
     <span class='ocr_line' id='line_1_3' title="bbox 398 580 1269 671; baseline 0.001 -44"><span class='ocrx_word' id='word_1_4' title='bbox 398 602 401 608; x_wconf 91' lang='lat'>·</span> <span class='ocrx_word' id='word_1_5' title='bbox 428 614 432 621; x_wconf 87' lang='lat'>-</span> <span class='ocrx_word' id='word_1_6' title='bbox 506 582 550 628; x_wconf 78' lang='lat' dir='ltr'><strong>bs</strong></span> <span class='ocrx_word' id='word_1_7' title='bbox 570 582 805 659; x_wconf 71' lang='lat' dir='ltr'><strong>neuunicriouu</strong></span> <span class='ocrx_word' id='word_1_8' title='bbox 826 580 967 627; x_wconf 68' lang='lat' dir='ltr'><strong>nubatis.</strong></span> <span class='ocrx_word' id='word_1_9' title='bbox 1018 646 1024 657; x_wconf 18' lang='lat' dir='ltr'>N</span> <span class='ocrx_word' id='word_1_10' title='bbox 1268 624 1269 671; x_wconf 36' lang='lat' dir='ltr'><strong>p</strong></span> 
     </span>
    </p>
   </div>
   <div class='ocr_carea' id='block_1_4' title="bbox 196 807 1269 3515">
    <p class='ocr_par' dir='ltr' id='par_1_4' title="bbox 196 807 1269 3515">
     <span class='ocr_line' id='line_1_4' title="bbox 259 807 1213 889; baseline -0.004 -20"><span class='ocrx_word' id='word_1_11' title='bbox 259 810 568 871; x_wconf 81' lang='lat' dir='ltr'><strong>benedictione&#39;nibii</strong></span> <span class='ocrx_word' id='word_1_12' title='bbox 600 812 629 871; x_wconf 90' lang='lat' dir='ltr'><strong>in</strong></span> <span class='ocrx_word' id='word_1_13' title='bbox 653 812 766 889; x_wconf 82' lang='lat' dir='ltr'><strong>regulis</strong></span> <span class='ocrx_word' id='word_1_14' title='bbox 788 811 985 878; x_wconf 87' lang='lat' dir='ltr'><strong>monasticis,</strong></span> <span class='ocrx_word' id='word_1_15' title='bbox 1011 813 1064 868; x_wconf 90' lang='lat' dir='ltr'><strong>aut</strong></span> <span class='ocrx_word' id='word_1_16' title='bbox 1085 807 1213 883; x_wconf 78' lang='lat' dir='ltr'><strong>antiquis</strong></span> 
     </span>
     <span class='ocr_line' id='line_1_5' title="bbox 257 888 1269 960; baseline -0.003 -9"><span class='ocrx_word' id='word_1_17' title='bbox 257 892 403 960; x_wconf 86' lang='lat' dir='ltr'><strong>historiis,</strong></span> <span class='ocrx_word' id='word_1_18' title='bbox 428 900 480 954; x_wconf 88' lang='lat' dir='ltr'><strong>aut</strong></span> <span class='ocrx_word' id='word_1_19' title='bbox 500 893 712 953; x_wconf 88' lang='lat' dir='ltr'><strong>ecciesiasticis</strong></span> <span class='ocrx_word' id='word_1_20' title='bbox 734 894 937 954; x_wconf 73' lang='lat' dir='ltr'><strong>monumentis</strong></span> <span class='ocrx_word' id='word_1_21' title='bbox 957 890 1112 950; x_wconf 86' lang='lat' dir='ltr'><strong>occurrit:</strong></span> <span class='ocrx_word' id='word_1_22' title='bbox 1135 888 1213 949; x_wconf 80' lang='lat' dir='ltr'><strong>veri·</strong></span> <span class='ocrx_word' id='word_1_23' title='bbox 1268 906 1269 933; x_wconf 59' lang='lat'>¹</span> 
     </span>
     <span class='ocr_line' id='line_1_6' title="bbox 257 946 1269 1049; baseline -0.004 -16"><span class='ocrx_word' id='word_1_24' title='bbox 257 974 356 1033; x_wconf 88' lang='lat' dir='ltr'><strong>simile</strong></span> <span class='ocrx_word' id='word_1_25' title='bbox 385 980 486 1036; x_wconf 89' lang='lat' dir='ltr'><strong>tamen</strong></span> <span class='ocrx_word' id='word_1_26' title='bbox 507 992 574 1035; x_wconf 87' lang='lat' dir='ltr'><strong>csse</strong></span> <span class='ocrx_word' id='word_1_27' title='bbox 595 974 718 1036; x_wconf 86' lang='lat' dir='ltr'><strong>videtur</strong></span> <span class='ocrx_word' id='word_1_28' title='bbox 750 976 914 1035; x_wconf 88' lang='lat' dir='ltr'><strong>soiemnem</strong></span> <span class='ocrx_word' id='word_1_29' title='bbox 943 974 1038 1049; x_wconf 87' lang='lat' dir='ltr'><strong>ipsam</strong></span> <span class='ocrx_word' id='word_1_30' title='bbox 1060 971 1212 1031; x_wconf 81' lang='lat' dir='ltr'><strong>Abbatum</strong></span> <span class='ocrx_word' id='word_1_31' title='bbox 1268 946 1269 997; x_wconf 51' lang='lat'>¹</span> 
     </span>
     <span class='ocr_line' id='line_1_7' title="bbox 257 1052 1214 1133; baseline -0.005 -19"><span class='ocrx_word' id='word_1_32' title='bbox 257 1054 501 1117; x_wconf 74' lang='lat' dir='ltr'><strong>benedictionem</strong></span> <span class='ocrx_word' id='word_1_33' title='bbox 531 1062 601 1116; x_wconf 89' lang='lat' dir='ltr'><strong>tunc</strong></span> <span class='ocrx_word' id='word_1_34' title='bbox 623 1058 768 1133; x_wconf 88' lang='lat' dir='ltr'><strong>temporis</strong></span> <span class='ocrx_word' id='word_1_35' title='bbox 789 1057 961 1124; x_wconf 82' lang='lat' dir='ltr'><strong>invaluisse,</strong></span> <span class='ocrx_word' id='word_1_36' title='bbox 979 1054 1097 1129; x_wconf 89' lang='lat' dir='ltr'><strong>quando</strong></span> <span class='ocrx_word' id='word_1_37' title='bbox 1114 1052 1214 1112; x_wconf 86' lang='lat' dir='ltr'><strong>Abba·</strong></span> 
     </span>
     <span class='ocr_line' id='line_1_8' title="bbox 257 1110 1269 1213; baseline -0.001 -19"><span class='ocrx_word' id='word_1_38' title='bbox 257 1140 305 1196; x_wconf 85' lang='lat' dir='ltr'><strong>tes</strong></span> <span class='ocrx_word' id='word_1_39' title='bbox 327 1154 386 1197; x_wconf 87' lang='lat' dir='ltr'><strong>una</strong></span> <span class='ocrx_word' id='word_1_40' title='bbox 414 1156 484 1199; x_wconf 92' lang='lat' dir='ltr'><strong>cum</strong></span> <span class='ocrx_word' id='word_1_41' title='bbox 507 1138 691 1197; x_wconf 81' lang='lat' dir='ltr'><strong>ornamentis</strong></span> <span class='ocrx_word' id='word_1_42' title='bbox 712 1136 935 1199; x_wconf 88' lang='lat' dir='ltr'><strong>Pontificaiibus</strong></span> <span class='ocrx_word' id='word_1_43' title='bbox 966 1137 1004 1196; x_wconf 94' lang='lat' dir='ltr'><strong>ad</strong></span> <span class='ocrx_word' id='word_1_44' title='bbox 1027 1136 1125 1213; x_wconf 80' lang='lat' dir='ltr'><strong>ipsam</strong></span> <span class='ocrx_word' id='word_1_45' title='bbox 1147 1130 1213 1211; x_wconf 78' lang='lat' dir='ltr'><strong>Epi·</strong></span> <span class='ocrx_word' id='word_1_46' title='bbox 1268 1110 1269 1185; x_wconf 71' lang='lat' dir='ltr'><strong>i</strong></span> 
     </span>
     <span class='ocr_line' id='line_1_9' title="bbox 256 1190 1269 1297; baseline 0.003 -21"><span class='ocrx_word' id='word_1_47' title='bbox 256 1217 406 1294; x_wconf 86' lang='lat' dir='ltr'><strong>scopaiem</strong></span> <span class='ocrx_word' id='word_1_48' title='bbox 429 1220 621 1279; x_wconf 84' lang='lat' dir='ltr'><strong>eminentiam</strong></span> <span class='ocrx_word' id='word_1_49' title='bbox 650 1236 686 1278; x_wconf 87' lang='lat' dir='ltr'><strong>ac</strong></span> <span class='ocrx_word' id='word_1_50' title='bbox 718 1220 893 1297; x_wconf 84' lang='lat' dir='ltr'><strong>dignitatem</strong></span> <span class='ocrx_word' id='word_1_51' title='bbox 915 1218 1077 1278; x_wconf 85' lang='lat' dir='ltr'><strong>ascendere</strong></span> <span class='ocrx_word' id='word_1_52' title='bbox 1105 1230 1211 1292; x_wconf 82' lang='lat' dir='ltr'><strong>coepe-</strong></span> <span class='ocrx_word' id='word_1_53' title='bbox 1268 1190 1269 1279; x_wconf 67' lang='lat' dir='ltr'><strong>i</strong></span> 
     </span>
     <span class='ocr_line' id='line_1_10' title="bbox 256 1298 1212 1378; baseline -0.002 -20"><span class='ocrx_word' id='word_1_54' title='bbox 256 1306 340 1367; x_wconf 89' lang='lat' dir='ltr'><strong>runt,</strong></span> <span class='ocrx_word' id='word_1_55' title='bbox 359 1302 402 1362; x_wconf 90' lang='lat' dir='ltr'><strong>uti</strong></span> <span class='ocrx_word' id='word_1_56' title='bbox 417 1302 579 1378; x_wconf 76' lang='lat' dir='ltr'><strong>opinantur</strong></span> <span class='ocrx_word' id='word_1_57' title='bbox 599 1301 723 1361; x_wconf 88' lang='lat' dir='ltr'><strong>eruditi.</strong></span> <span class='ocrx_word' id='word_1_58' title='bbox 741 1301 936 1363; x_wconf 76' lang='lat' dir='ltr'><strong>Manifestum</strong></span> <span class='ocrx_word' id='word_1_59' title='bbox 952 1304 999 1360; x_wconf 86' lang='lat' dir='ltr'><strong>est</strong></span> <span class='ocrx_word' id='word_1_60' title='bbox 1010 1298 1092 1377; x_wconf 83' lang='lat' dir='ltr'><strong>apud</strong></span> <span class='ocrx_word' id='word_1_61' title='bbox 1108 1314 1212 1357; x_wconf 90' lang='lat' dir='ltr'><strong>omnes</strong></span> 
     </span>
     <span class='ocr_line' id='line_1_11' title="bbox 257 1378 1211 1461; baseline -0.002 -21"><span class='ocrx_word' id='word_1_62' title='bbox 257 1380 397 1443; x_wconf 90' lang='lat' dir='ltr'><strong>doctores</strong></span> <span class='ocrx_word' id='word_1_63' title='bbox 420 1400 476 1461; x_wconf 87' lang='lat' dir='ltr'><strong>per</strong></span> <span class='ocrx_word' id='word_1_64' title='bbox 498 1382 742 1444; x_wconf 81' lang='lat' dir='ltr'><strong>benedictionem</strong></span> <span class='ocrx_word' id='word_1_65' title='bbox 758 1384 926 1443; x_wconf 84' lang='lat' dir='ltr'><strong>Abbatibus</strong></span> <span class='ocrx_word' id='word_1_66' title='bbox 948 1396 1047 1459; x_wconf 87' lang='lat' dir='ltr'><strong>neque</strong></span> <span class='ocrx_word' id='word_1_67' title='bbox 1067 1378 1211 1439; x_wconf 79' lang='lat' dir='ltr'><strong>Ordinem</strong></span> 
     </span>
     <span class='ocr_line' id='line_1_12' title="bbox 258 1458 1211 1541; baseline 0 -20"><span class='ocrx_word' id='word_1_68' title='bbox 258 1480 354 1539; x_wconf 89' lang='lat' dir='ltr'><strong>neque</strong></span> <span class='ocrx_word' id='word_1_69' title='bbox 372 1464 579 1525; x_wconf 83' lang='lat' dir='ltr'><strong>characterem</strong></span> <span class='ocrx_word' id='word_1_70' title='bbox 603 1462 753 1535; x_wconf 90' lang='lat' dir='ltr'><strong>conferri,</strong></span> <span class='ocrx_word' id='word_1_71' title='bbox 779 1463 1035 1541; x_wconf 85' lang='lat' dir='ltr'><strong>quemadmodum</strong></span> <span class='ocrx_word' id='word_1_72' title='bbox 1056 1458 1211 1539; x_wconf 87' lang='lat' dir='ltr'><strong>Episcopis</strong></span> 
     </span>
     <span class='ocr_line' id='line_1_13' title="bbox 256 1543 1211 1608; baseline -0.004 -4"><span class='ocrx_word' id='word_1_73' title='bbox 256 1546 421 1607; x_wconf 80' lang='lat' dir='ltr'><strong>confertur.</strong></span> <span class='ocrx_word' id='word_1_74' title='bbox 445 1546 479 1606; x_wconf 90' lang='lat' dir='ltr'><strong>iu</strong></span> <span class='ocrx_word' id='word_1_75' title='bbox 500 1563 537 1606; x_wconf 89' lang='lat' dir='ltr'><strong>ea</strong></span> <span class='ocrx_word' id='word_1_76' title='bbox 559 1546 640 1605; x_wconf 90' lang='lat' dir='ltr'><strong>enim</strong></span> <span class='ocrx_word' id='word_1_77' title='bbox 659 1544 814 1606; x_wconf 77' lang='lat' dir='ltr'><strong>&#39;functione</strong></span> <span class='ocrx_word' id='word_1_78' title='bbox 837 1544 917 1608; x_wconf 91' lang='lat' dir='ltr'><strong>nuiia</strong></span> <span class='ocrx_word' id='word_1_79' title='bbox 940 1544 1102 1605; x_wconf 77' lang='lat' dir='ltr'><strong>interuenit</strong></span> <span class='ocrx_word' id='word_1_80' title='bbox 1124 1543 1211 1604; x_wconf 82' lang='lat' dir='ltr'><strong>Chri-</strong></span> 
     </span>
     <span class='ocr_line' id='line_1_14' title="bbox 256 1622 1207 1703; baseline -0.002 -18"><span class='ocrx_word' id='word_1_81' title='bbox 256 1628 360 1687; x_wconf 88' lang='lat' dir='ltr'><strong>smatis</strong></span> <span class='ocrx_word' id='word_1_82' title='bbox 381 1628 492 1697; x_wconf 87' lang='lat' dir='ltr'><strong>unctio,</strong></span> <span class='ocrx_word' id='word_1_83' title='bbox 508 1627 562 1689; x_wconf 90' lang='lat' dir='ltr'><strong>sed</strong></span> <span class='ocrx_word' id='word_1_84' title='bbox 585 1632 701 1687; x_wconf 90' lang='lat' dir='ltr'><strong>tautum</strong></span> <span class='ocrx_word' id='word_1_85' title='bbox 723 1629 871 1703; x_wconf 85' lang='lat' dir='ltr'><strong>quaedam</strong></span> <span class='ocrx_word' id='word_1_86' title='bbox 896 1626 1078 1703; x_wconf 78' lang='lat' dir='ltr'><strong>precationis</strong></span> <span class='ocrx_word' id='word_1_87' title='bbox 1100 1622 1207 1689; x_wconf 78' lang='lat' dir='ltr'><strong>formu:</strong></span> 
     </span>
     <span class='ocr_line' id='line_1_15' title="bbox 255 1705 1208 1788; baseline 0 -22"><span class='ocrx_word' id='word_1_88' title='bbox 255 1708 335 1768; x_wconf 90' lang='lat' dir='ltr'><strong>unde</strong></span> <span class='ocrx_word' id='word_1_89' title='bbox 357 1709 388 1766; x_wconf 92' lang='lat' dir='ltr'><strong>in</strong></span> <span class='ocrx_word' id='word_1_90' title='bbox 409 1707 650 1769; x_wconf 79' lang='lat' dir='ltr'><strong>sacramentario</strong></span> <span class='ocrx_word' id='word_1_91' title='bbox 672 1708 860 1788; x_wconf 84' lang='lat' dir='ltr'><strong>S.·Gregorii</strong></span> <span class='ocrx_word' id='word_1_92' title='bbox 883 1714 964 1772; x_wconf 87' lang='lat' dir='ltr'><strong>totus</strong></span> <span class='ocrx_word' id='word_1_93' title='bbox 987 1708 1064 1767; x_wconf 90' lang='lat' dir='ltr'><strong>ritus</strong></span> <span class='ocrx_word' id='word_1_94' title='bbox 1081 1705 1208 1767; x_wconf 86' lang='lat' dir='ltr'><strong>faciendi</strong></span> 
     </span>
     <span class='ocr_line' id='line_1_16' title="bbox 258 1787 1209 1867; baseline 0.001 -19"><span class='ocrx_word' id='word_1_95' title='bbox 258 1788 386 1849; x_wconf 82' lang='lat' dir='ltr'><strong>Abbatis</strong></span> <span class='ocrx_word' id='word_1_96' title='bbox 407 1808 467 1850; x_wconf 88' lang='lat' dir='ltr'><strong>una</strong></span> <span class='ocrx_word' id='word_1_97' title='bbox 489 1796 605 1850; x_wconf 87' lang='lat' dir='ltr'><strong>tautum</strong></span> <span class='ocrx_word' id='word_1_98' title='bbox 629 1792 764 1851; x_wconf 88' lang='lat' dir='ltr'><strong>oratione</strong></span> <span class='ocrx_word' id='word_1_99' title='bbox 786 1792 967 1857; x_wconf 86' lang='lat' dir='ltr'><strong>continetur,</strong></span> <span class='ocrx_word' id='word_1_100' title='bbox 986 1787 1209 1867; x_wconf 87' lang='lat' dir='ltr'><strong>praesefertque</strong></span> 
     </span>
     <span class='ocr_line' id='line_1_17' title="bbox 255 1867 1208 1951; baseline 0.001 -22"><span class='ocrx_word' id='word_1_101' title='bbox 255 1869 337 1932; x_wconf 91' lang='lat' dir='ltr'><strong>huuc</strong></span> <span class='ocrx_word' id='word_1_102' title='bbox 360 1871 493 1932; x_wconf 87' lang='lat' dir='ltr'><strong>titutum:</strong></span> <span class='ocrx_word' id='word_1_103' title='bbox 516 1869 625 1931; x_wconf 85' lang='lat' dir='ltr'><strong>Oratio</strong></span> <span class='ocrx_word' id='word_1_104' title='bbox 648 1872 689 1933; x_wconf 85' lang='lat' dir='ltr'><strong>ad</strong></span> <span class='ocrx_word' id='word_1_105' title='bbox 704 1869 846 1932; x_wconf 82' lang='lat' dir='ltr'><strong>Abbctem</strong></span> <span class='ocrx_word' id='word_1_106' title='bbox 867 1872 1051 1951; x_wconf 64' lang='lat' dir='ltr'><strong>sedendum.</strong></span> <span class='ocrx_word' id='word_1_107' title='bbox 1075 1867 1208 1930; x_wconf 72' lang='lat' dir='ltr'><strong>Protinus</strong></span> 
     </span>
     <span class='ocr_line' id='line_1_18' title="bbox 254 1952 1208 2030; baseline 0 -19"><span class='ocrx_word' id='word_1_108' title='bbox 254 1952 377 2029; x_wconf 91' lang='lat' dir='ltr'><strong>quidem</strong></span> <span class='ocrx_word' id='word_1_109' title='bbox 401 1955 550 2014; x_wconf 86' lang='lat' dir='ltr'><strong>orationes</strong></span> <span class='ocrx_word' id='word_1_110' title='bbox 578 1955 847 2030; x_wconf 86' lang='lat' dir='ltr'><strong>caeremoniasque</strong></span> <span class='ocrx_word' id='word_1_111' title='bbox 880 1954 991 2014; x_wconf 84' lang='lat' dir='ltr'><strong>ridere·</strong></span> <span class='ocrx_word' id='word_1_112' title='bbox 1012 1958 1059 2013; x_wconf 91' lang='lat' dir='ltr'><strong>est</strong></span> <span class='ocrx_word' id='word_1_113' title='bbox 1082 1952 1111 2009; x_wconf 93' lang='lat' dir='ltr'><strong>in</strong></span> <span class='ocrx_word' id='word_1_114' title='bbox 1135 1954 1208 2011; x_wconf 84' lang='lat' dir='ltr'><strong>anti·</strong></span> 
     </span>
     <span class='ocr_line' id='line_1_19' title="bbox 249 2033 1208 2110; baseline -0.001 -17"><span class='ocrx_word' id='word_1_115' title='bbox 249 2051 316 2110; x_wconf 92' lang='lat' dir='ltr'><strong>quo</strong></span> <span class='ocrx_word' id='word_1_116' title='bbox 337 2034 472 2094; x_wconf 88' lang='lat' dir='ltr'><strong>Romano</strong></span> <span class='ocrx_word' id='word_1_117' title='bbox 492 2035 618 2097; x_wconf 86' lang='lat' dir='ltr'><strong>Ordine.</strong></span> <span class='ocrx_word' id='word_1_118' title='bbox 642 2034 743 2097; x_wconf 90' lang='lat' dir='ltr'><strong>Unum</strong></span> <span class='ocrx_word' id='word_1_119' title='bbox 766 2054 821 2095; x_wconf 92' lang='lat' dir='ltr'><strong>uos</strong></span> <span class='ocrx_word' id='word_1_120' title='bbox 842 2037 893 2098; x_wconf 82' lang='lat' dir='ltr'><strong>iric</strong></span> <span class='ocrx_word' id='word_1_121' title='bbox 915 2033 1120 2095; x_wconf 81' lang='lat' dir='ltr'><strong>adnotandum</strong></span> <span class='ocrx_word' id='word_1_122' title='bbox 1143 2050 1208 2093; x_wconf 86' lang='lat' dir='ltr'><strong>cen·</strong></span> 
     </span>
     <span class='ocr_line' id='line_1_20' title="bbox 255 2115 1208 2195; baseline 0.001 -21"><span class='ocrx_word' id='word_1_123' title='bbox 255 2133 368 2184; x_wconf 87' lang='lat' dir='ltr'><strong>semus,</strong></span> <span class='ocrx_word' id='word_1_124' title='bbox 392 2116 421 2175; x_wconf 90' lang='lat' dir='ltr'><strong>in</strong></span> <span class='ocrx_word' id='word_1_125' title='bbox 443 2134 482 2175; x_wconf 89' lang='lat' dir='ltr'><strong>eo</strong></span> <span class='ocrx_word' id='word_1_126' title='bbox 496 2118 678 2195; x_wconf 88' lang='lat' dir='ltr'><strong>pracsertim</strong></span> <span class='ocrx_word' id='word_1_127' title='bbox 695 2118 807 2179; x_wconf 89' lang='lat' dir='ltr'><strong>distare</strong></span> <span class='ocrx_word' id='word_1_128' title='bbox 829 2118 1068 2178; x_wconf 86' lang='lat' dir='ltr'><strong>benedictionem</strong></span> <span class='ocrx_word' id='word_1_129' title='bbox 1083 2115 1208 2175; x_wconf 83' lang='lat' dir='ltr'><strong>Abbatis</strong></span> 
     </span>
     <span class='ocr_line' id='line_1_21' title="bbox 255 2198 1207 2277; baseline 0 -20"><span class='ocrx_word' id='word_1_130' title='bbox 255 2216 272 2257; x_wconf 91' lang='lat' dir='ltr'><strong>a</strong></span> <span class='ocrx_word' id='word_1_131' title='bbox 294 2200 518 2259; x_wconf 88' lang='lat' dir='ltr'><strong>consecratione</strong></span> <span class='ocrx_word' id='word_1_132' title='bbox 534 2198 686 2277; x_wconf 80' lang='lat' dir='ltr'><strong>Episcopi,</strong></span> <span class='ocrx_word' id='word_1_133' title='bbox 708 2198 790 2275; x_wconf 89' lang='lat' dir='ltr'><strong>quod</strong></span> <span class='ocrx_word' id='word_1_134' title='bbox 813 2199 1000 2259; x_wconf 89' lang='lat' dir='ltr'><strong>consecratio</strong></span> <span class='ocrx_word' id='word_1_135' title='bbox 1023 2198 1146 2257; x_wconf 89' lang='lat' dir='ltr'><strong>omnino</strong></span> <span class='ocrx_word' id='word_1_136' title='bbox 1165 2204 1207 2257; x_wconf 88' lang='lat' dir='ltr'><strong>est</strong></span> 
     </span>
     <span class='ocr_line' id='line_1_22' title="bbox 254 2278 1208 2357; baseline -0.001 -18"><span class='ocrx_word' id='word_1_137' title='bbox 254 2281 451 2346; x_wconf 87' lang='lat' dir='ltr'><strong>necessaria,</strong></span> <span class='ocrx_word' id='word_1_138' title='bbox 475 2287 510 2340; x_wconf 88' lang='lat' dir='ltr'><strong>ut</strong></span> <span class='ocrx_word' id='word_1_139' title='bbox 530 2281 598 2357; x_wconf 88' lang='lat' dir='ltr'><strong>quis</strong></span> <span class='ocrx_word' id='word_1_140' title='bbox 619 2278 672 2341; x_wconf 80' lang='lat' dir='ltr'><strong>fiat</strong></span> <span class='ocrx_word' id='word_1_141' title='bbox 700 2287 731 2341; x_wconf 90' lang='lat' dir='ltr'><strong>et</strong></span> <span class='ocrx_word' id='word_1_142' title='bbox 753 2280 871 2342; x_wconf 91' lang='lat' dir='ltr'><strong>dicatur</strong></span> <span class='ocrx_word' id='word_1_143' title='bbox 892 2279 1081 2357; x_wconf 84' lang='lat' dir='ltr'><strong>Episcopus,</strong></span> <span class='ocrx_word' id='word_1_144' title='bbox 1105 2294 1208 2354; x_wconf 77' lang='lat' dir='ltr'><strong>quem-</strong></span> 
     </span>
     <span class='ocr_line' id='line_1_23' title="bbox 253 2358 1204 2439; baseline -0.003 -18"><span class='ocrx_word' id='word_1_145' title='bbox 253 2361 415 2422; x_wconf 88' lang='lat' dir='ltr'><strong>admodum</strong></span> <span class='ocrx_word' id='word_1_146' title='bbox 438 2366 554 2421; x_wconf 87' lang='lat' dir='ltr'><strong>constat</strong></span> <span class='ocrx_word' id='word_1_147' title='bbox 581 2381 619 2423; x_wconf 83' lang='lat' dir='ltr'><strong>ex</strong></span> <span class='ocrx_word' id='word_1_148' title='bbox 640 2362 715 2439; x_wconf 86' lang='lat' dir='ltr'><strong>Cap.</strong></span> <span class='ocrx_word' id='word_1_149' title='bbox 737 2358 820 2422; x_wconf 84' lang='lat' dir='ltr'><strong>Licet</strong></span> <span class='ocrx_word' id='word_1_150' title='bbox 838 2383 848 2432; x_wconf 88' lang='lat'><em>;</em></span> <span class='ocrx_word' id='word_1_151' title='bbox 870 2362 996 2421; x_wconf 82' lang='lat' dir='ltr'><strong>Abbatis</strong></span> <span class='ocrx_word' id='word_1_152' title='bbox 1018 2378 1091 2431; x_wconf 80' lang='lat' dir='ltr'><strong>uero</strong></span> <span class='ocrx_word' id='word_1_153' title='bbox 1115 2360 1204 2421; x_wconf 86' lang='lat' dir='ltr'><strong>bene·</strong></span> 
     </span>
     <span class='ocr_line' id='line_1_24' title="bbox 253 2426 1269 2519; baseline -0.004 -16"><span class='ocrx_word' id='word_1_154' title='bbox 253 2442 343 2503; x_wconf 87' lang='lat' dir='ltr'><strong>dictio</strong></span> <span class='ocrx_word' id='word_1_155' title='bbox 365 2460 556 2519; x_wconf 81' lang='lat' dir='ltr'><strong>nequaqnam</strong></span> <span class='ocrx_word' id='word_1_156' title='bbox 579 2450 625 2504; x_wconf 89' lang='lat' dir='ltr'><strong>est</strong></span> <span class='ocrx_word' id='word_1_157' title='bbox 640 2444 834 2509; x_wconf 76' lang='lat' dir='ltr'><strong>recessuris,</strong></span> <span class='ocrx_word' id='word_1_158' title='bbox 858 2450 891 2505; x_wconf 94' lang='lat' dir='ltr'><strong>nt</strong></span> <span class='ocrx_word' id='word_1_159' title='bbox 908 2444 946 2503; x_wconf 90' lang='lat' dir='ltr'><strong>sit</strong></span> <span class='ocrx_word' id='word_1_160' title='bbox 960 2448 992 2504; x_wconf 90' lang='lat' dir='ltr'><strong>et</strong></span> <span class='ocrx_word' id='word_1_161' title='bbox 1012 2442 1131 2503; x_wconf 86' lang='lat' dir='ltr'><strong>dicatur</strong></span> <span class='ocrx_word' id='word_1_162' title='bbox 1148 2441 1204 2501; x_wconf 74' lang='lat' dir='ltr'><strong>Ab</strong></span> <span class='ocrx_word' id='word_1_163' title='bbox 1268 2426 1269 2499; x_wconf 77' lang='lat' dir='ltr'><strong>f</strong></span> 
     </span>
     <span class='ocr_line' id='line_1_25' title="bbox 253 2524 1204 2604; baseline -0.001 -20"><span class='ocrx_word' id='word_1_164' title='bbox 253 2525 333 2595; x_wconf 84' lang='lat' dir='ltr'><strong>bas,</strong></span> <span class='ocrx_word' id='word_1_165' title='bbox 358 2530 391 2584; x_wconf 89' lang='lat' dir='ltr'><strong>ut</strong></span> <span class='ocrx_word' id='word_1_166' title='bbox 417 2542 453 2585; x_wconf 90' lang='lat' dir='ltr'><strong>ea</strong></span> <span class='ocrx_word' id='word_1_167' title='bbox 475 2542 555 2599; x_wconf 86' lang='lat' dir='ltr'><strong>quae</strong></span> <span class='ocrx_word' id='word_1_168' title='bbox 577 2530 646 2587; x_wconf 92' lang='lat' dir='ltr'><strong>sunt</strong></span> <span class='ocrx_word' id='word_1_169' title='bbox 667 2525 884 2604; x_wconf 84' lang='lat' dir='ltr'><strong>jurisdictionis</strong></span> <span class='ocrx_word' id='word_1_170' title='bbox 911 2529 1079 2593; x_wconf 81' lang='lat' dir='ltr'><strong>exerceat,</strong></span> <span class='ocrx_word' id='word_1_171' title='bbox 1101 2524 1150 2583; x_wconf 79' lang='lat' dir='ltr'><strong>vei</strong></span> <span class='ocrx_word' id='word_1_172' title='bbox 1172 2531 1204 2583; x_wconf 85' lang='lat' dir='ltr'><strong>nt</strong></span> 
     </span>
     <span class='ocr_line' id='line_1_26' title="bbox 254 2606 1269 2701; baseline -0.003 -35"><span class='ocrx_word' id='word_1_173' title='bbox 254 2606 430 2682; x_wconf 82' lang='lat' dir='ltr'><strong>temporatia</strong></span> <span class='ocrx_word' id='word_1_174' title='bbox 452 2606 666 2675; x_wconf 57' lang='lat' dir='ltr'><strong>administren</strong></span> <span class='ocrx_word' id='word_1_175' title='bbox 690 2606 741 2666; x_wconf 92' lang='lat' dir='ltr'><strong>sed</strong></span> <span class='ocrx_word' id='word_1_176' title='bbox 764 2608 864 2682; x_wconf 88' lang='lat' dir='ltr'><strong>quoad</strong></span> <span class='ocrx_word' id='word_1_177' title='bbox 892 2606 1040 2682; x_wconf 79' lang='lat' dir='ltr'><strong>quaedam</strong></span> <span class='ocrx_word' id='word_1_178' title='bbox 1065 2610 1200 2673; x_wconf 80' lang='lat' dir='ltr'><strong>tuntum,</strong></span> <span class='ocrx_word' id='word_1_179' title='bbox 1268 2607 1269 2701; x_wconf 61' lang='lat' dir='ltr'><strong>i</strong></span> 
     </span>
     <span class='ocr_line' id='line_1_27' title="bbox 252 2685 1269 2795; baseline -0.001 -49"><span class='ocrx_word' id='word_1_180' title='bbox 252 2689 397 2747; x_wconf 89' lang='lat' dir='ltr'><strong>nimirum</strong></span> <span class='ocrx_word' id='word_1_181' title='bbox 419 2693 452 2748; x_wconf 93' lang='lat' dir='ltr'><strong>ut</strong></span> <span class='ocrx_word' id='word_1_182' title='bbox 473 2686 639 2749; x_wconf 88' lang='lat' dir='ltr'><strong>Monachos</strong></span> <span class='ocrx_word' id='word_1_183' title='bbox 663 2688 853 2755; x_wconf 89' lang='lat' dir='ltr'><strong>benedicere,</strong></span> <span class='ocrx_word' id='word_1_184' title='bbox 876 2688 925 2748; x_wconf 84' lang='lat' dir='ltr'><strong>vei</strong></span> <span class='ocrx_word' id='word_1_185' title='bbox 948 2688 993 2749; x_wconf 88' lang='lat' dir='ltr'><strong>eis</strong></span> <span class='ocrx_word' id='word_1_186' title='bbox 1015 2685 1201 2751; x_wconf 84' lang='lat' dir='ltr'><strong>Tonsuram‚</strong></span> <span class='ocrx_word' id='word_1_187' title='bbox 1268 2704 1269 2795; x_wconf 67' lang='lat' dir='ltr'><strong>p</strong></span> 
     </span>
     <span class='ocr_line' id='line_1_28' title="bbox 251 2766 1203 2847; baseline -0.002 -18"><span class='ocrx_word' id='word_1_188' title='bbox 251 2775 283 2829; x_wconf 89' lang='lat' dir='ltr'><strong>et</strong></span> <span class='ocrx_word' id='word_1_189' title='bbox 303 2768 437 2830; x_wconf 85' lang='lat' dir='ltr'><strong>Minores</strong></span> <span class='ocrx_word' id='word_1_190' title='bbox 459 2767 590 2831; x_wconf 88' lang='lat' dir='ltr'><strong>Ordines</strong></span> <span class='ocrx_word' id='word_1_191' title='bbox 611 2770 751 2829; x_wconf 84' lang='lat' dir='ltr'><strong>conferre</strong></span> <span class='ocrx_word' id='word_1_192' title='bbox 773 2770 885 2847; x_wconf 87' lang='lat' dir='ltr'><strong>possit,</strong></span> <span class='ocrx_word' id='word_1_193' title='bbox 909 2771 954 2829; x_wconf 88' lang='lat' dir='ltr'><strong>uti</strong></span> <span class='ocrx_word' id='word_1_194' title='bbox 977 2769 1072 2845; x_wconf 88' lang='lat' dir='ltr'><strong>liquet</strong></span> <span class='ocrx_word' id='word_1_195' title='bbox 1092 2785 1130 2827; x_wconf 85' lang='lat' dir='ltr'><strong>ex</strong></span> <span class='ocrx_word' id='word_1_196' title='bbox 1151 2766 1203 2827; x_wconf 74' lang='lat' dir='ltr'><strong>Cu·</strong></span> 
     </span>
     <span class='ocr_line' id='line_1_29' title="bbox 196 2850 1201 2931; baseline 0.001 -22"><span class='ocrx_word' id='word_1_197' title='bbox 196 2852 200 2859; x_wconf 87' lang='lat'>&#39;</span> <span class='ocrx_word' id='word_1_198' title='bbox 253 2850 315 2929; x_wconf 87' lang='lat' dir='ltr'><strong>pite</strong></span> <span class='ocrx_word' id='word_1_199' title='bbox 341 2850 418 2913; x_wconf 82' lang='lat' dir='ltr'><strong>Cum</strong></span> <span class='ocrx_word' id='word_1_200' title='bbox 439 2854 603 2929; x_wconf 78' lang='lat' dir='ltr'><strong>coutinpot.</strong></span> <span class='ocrx_word' id='word_1_201' title='bbox 637 2850 706 2913; x_wconf 88' lang='lat' dir='ltr'><strong>Non</strong></span> <span class='ocrx_word' id='word_1_202' title='bbox 728 2850 864 2927; x_wconf 88' lang='lat' dir='ltr'><strong>quotibet</strong></span> <span class='ocrx_word' id='word_1_203' title='bbox 884 2851 962 2931; x_wconf 72' lang='lat' dir='ltr'><strong>die,</strong></span> <span class='ocrx_word' id='word_1_204' title='bbox 982 2850 1035 2911; x_wconf 89' lang='lat' dir='ltr'><strong>sed</strong></span> <span class='ocrx_word' id='word_1_205' title='bbox 1056 2850 1201 2910; x_wconf 89' lang='lat' dir='ltr'><strong>dominico</strong></span> 
     </span>
     <span class='ocr_line' id='line_1_30' title="bbox 250 2932 1202 3009; baseline 0.003 -19"><span class='ocrx_word' id='word_1_206' title='bbox 250 2933 300 2995; x_wconf 86' lang='lat' dir='ltr'><strong>vei</strong></span> <span class='ocrx_word' id='word_1_207' title='bbox 323 2932 430 2993; x_wconf 87' lang='lat' dir='ltr'><strong>festivo</strong></span> <span class='ocrx_word' id='word_1_208' title='bbox 453 2937 570 2993; x_wconf 91' lang='lat' dir='ltr'><strong>tantum</strong></span> <span class='ocrx_word' id='word_1_209' title='bbox 586 2932 723 2993; x_wconf 89' lang='lat' dir='ltr'><strong>benedici</strong></span> <span class='ocrx_word' id='word_1_210' title='bbox 739 2938 863 3009; x_wconf 89' lang='lat' dir='ltr'><strong>possunt</strong></span> <span class='ocrx_word' id='word_1_211' title='bbox 877 2933 1024 3002; x_wconf 83' lang='lat' dir='ltr'><strong>Abbates3</strong></span> <span class='ocrx_word' id='word_1_212' title='bbox 1041 2933 1111 3007; x_wconf 85' lang='lat' dir='ltr'><strong>quia</strong></span> <span class='ocrx_word' id='word_1_213' title='bbox 1130 2932 1202 2993; x_wconf 84' lang='lat' dir='ltr'><strong>sieut</strong></span> 
     </span>
     <span class='ocr_line' id='line_1_31' title="bbox 249 3014 1198 3089; baseline -0.006 -12"><span class='ocrx_word' id='word_1_214' title='bbox 249 3016 385 3077; x_wconf 82' lang='lat' dir='ltr'><strong>Minores</strong></span> <span class='ocrx_word' id='word_1_215' title='bbox 399 3014 528 3075; x_wconf 90' lang='lat' dir='ltr'><strong>Ordines</strong></span> <span class='ocrx_word' id='word_1_216' title='bbox 550 3015 680 3075; x_wconf 88' lang='lat' dir='ltr'><strong>conferri</strong></span> <span class='ocrx_word' id='word_1_217' title='bbox 696 3014 753 3074; x_wconf 90' lang='lat' dir='ltr'><strong>nisi</strong></span> <span class='ocrx_word' id='word_1_218' title='bbox 768 3014 897 3074; x_wconf 87' lang='lat' dir='ltr'><strong>laudatis</strong></span> <span class='ocrx_word' id='word_1_219' title='bbox 911 3014 1018 3075; x_wconf 88' lang='lat' dir='ltr'><strong>diebus</strong></span> <span class='ocrx_word' id='word_1_220' title='bbox 1041 3018 1198 3089; x_wconf 90' lang='lat' dir='ltr'><strong>nequeunt,</strong></span> 
     </span>
     <span class='ocr_line' id='line_1_32' title="bbox 251 3093 1269 3175; baseline -0.004 -18"><span class='ocrx_word' id='word_1_221' title='bbox 251 3102 375 3175; x_wconf 90' lang='lat' dir='ltr'><strong>propter</strong></span> <span class='ocrx_word' id='word_1_222' title='bbox 403 3099 630 3166; x_wconf 81' lang='lat' dir='ltr'><strong>reuerentiam,</strong></span> <span class='ocrx_word' id='word_1_223' title='bbox 655 3102 691 3157; x_wconf 92' lang='lat' dir='ltr'><strong>ut</strong></span> <span class='ocrx_word' id='word_1_224' title='bbox 717 3094 845 3158; x_wconf 89' lang='lat' dir='ltr'><strong>babetur</strong></span> <span class='ocrx_word' id='word_1_225' title='bbox 878 3095 907 3154; x_wconf 90' lang='lat' dir='ltr'><strong>in</strong></span> <span class='ocrx_word' id='word_1_226' title='bbox 929 3093 1035 3171; x_wconf 83' lang='lat' dir='ltr'><strong>Capite</strong></span> <span class='ocrx_word' id='word_1_227' title='bbox 1057 3098 1153 3171; x_wconf 92' lang='lat' dir='ltr'><strong>primo</strong></span> <span class='ocrx_word' id='word_1_228' title='bbox 1173 3101 1201 3154; x_wconf 85' lang='lat' dir='ltr'><strong>et</strong></span> <span class='ocrx_word' id='word_1_229' title='bbox 1268 3126 1269 3160; x_wconf 65' lang='lat' dir='ltr'><strong>r</strong></span> 
     </span>
     <span class='ocr_line' id='line_1_33' title="bbox 252 3170 1269 3259; baseline 0 -22"><span class='ocrx_word' id='word_1_230' title='bbox 252 3180 340 3240; x_wconf 86' lang='lat' dir='ltr'><strong>tertio</strong></span> <span class='ocrx_word' id='word_1_231' title='bbox 358 3179 409 3239; x_wconf 77' lang='lat' dir='ltr'><strong>De</strong></span> <span class='ocrx_word' id='word_1_232' title='bbox 435 3176 625 3259; x_wconf 77' lang='lat' dir='ltr'><strong>iimperiius</strong></span> <span class='ocrx_word' id='word_1_233' title='bbox 652 3176 889 3248; x_wconf 78' lang='lat' dir='ltr'><strong>Ordinationum</strong></span> <span class='ocrx_word' id='word_1_234' title='bbox 911 3178 940 3245; x_wconf 86' lang='lat' dir='ltr'><strong>in</strong></span> <span class='ocrx_word' id='word_1_235' title='bbox 964 3175 1025 3254; x_wconf 57' lang='lat' dir='ltr'><strong>le</strong></span> <span class='ocrx_word' id='word_1_236' title='bbox 1044 3177 1084 3237; x_wconf 89' lang='lat' dir='ltr'><strong>ita</strong></span> <span class='ocrx_word' id='word_1_237' title='bbox 1106 3194 1122 3235; x_wconf 89' lang='lat' dir='ltr'><strong>a</strong></span> <span class='ocrx_word' id='word_1_238' title='bbox 1145 3174 1201 3237; x_wconf 87' lang='lat' dir='ltr'><strong>for·</strong></span> <span class='ocrx_word' id='word_1_239' title='bbox 1268 3170 1269 3229; x_wconf 78' lang='lat' dir='ltr'><strong>i</strong></span> 
     </span>
     <span class='ocr_line' id='line_1_34' title="bbox 251 3256 1269 3349; baseline 0 -32"><span class='ocrx_word' id='word_1_240' title='bbox 251 3261 322 3319; x_wconf 86' lang='lat' dir='ltr'><strong>tiori</strong></span> <span class='ocrx_word' id='word_1_241' title='bbox 346 3261 500 3321; x_wconf 62' lang='lat' dir='ltr'><strong>abbatum</strong></span> <span class='ocrx_word' id='word_1_242' title='bbox 524 3259 722 3326; x_wconf 89' lang='lat' dir='ltr'><strong>Benedictio,</strong></span> <span class='ocrx_word' id='word_1_243' title='bbox 747 3256 920 3336; x_wconf 88' lang='lat' dir='ltr'><strong>quaeipsis</strong></span> <span class='ocrx_word' id='word_1_244' title='bbox 948 3258 1054 3320; x_wconf 88' lang='lat' dir='ltr'><strong>tribuit</strong></span> <span class='ocrx_word' id='word_1_245' title='bbox 1073 3260 1202 3320; x_wconf 88' lang='lat' dir='ltr'><strong>Minores</strong></span> <span class='ocrx_word' id='word_1_246' title='bbox 1268 3288 1269 3349; x_wconf 62' lang='lat' dir='ltr'><strong>p</strong></span> 
     </span>
     <span class='ocr_line' id='line_1_35' title="bbox 250 3338 1229 3417; baseline -0.001 -18"><span class='ocrx_word' id='word_1_247' title='bbox 250 3338 383 3402; x_wconf 87' lang='lat' dir='ltr'><strong>Ordines</strong></span> <span class='ocrx_word' id='word_1_248' title='bbox 398 3341 572 3403; x_wconf 89' lang='lat' dir='ltr'><strong>conferendi</strong></span> <span class='ocrx_word' id='word_1_249' title='bbox 595 3340 781 3402; x_wconf 74' lang='lat' dir='ltr'><strong>bonitatem.</strong></span> <span class='ocrx_word' id='word_1_250' title='bbox 799 3340 931 3417; x_wconf 82' lang='lat' dir='ltr'><strong>Antiqua</strong></span> <span class='ocrx_word' id='word_1_251' title='bbox 946 3357 994 3400; x_wconf 89' lang='lat' dir='ltr'><strong>res</strong></span> <span class='ocrx_word' id='word_1_252' title='bbox 1016 3348 1063 3401; x_wconf 87' lang='lat' dir='ltr'><strong>est</strong></span> <span class='ocrx_word' id='word_1_253' title='bbox 1077 3341 1199 3417; x_wconf 80' lang='lat' dir='ltr'><strong>Aposto-</strong></span> <span class='ocrx_word' id='word_1_254' title='bbox 1226 3378 1229 3383; x_wconf 93' lang='lat'>-</span> 
     </span>
     <span class='ocr_line' id='line_1_36' title="bbox 251 3418 1269 3515; baseline 0 -34"><span class='ocrx_word' id='word_1_255' title='bbox 251 3422 302 3483; x_wconf 88' lang='lat' dir='ltr'><strong>tici</strong></span> <span class='ocrx_word' id='word_1_256' title='bbox 325 3423 456 3483; x_wconf 89' lang='lat' dir='ltr'><strong>mandati</strong></span> <span class='ocrx_word' id='word_1_257' title='bbox 478 3423 621 3494; x_wconf 77' lang='lat' dir='ltr'><strong>formui&#39;a,</strong></span> <span class='ocrx_word' id='word_1_258' title='bbox 646 3440 705 3501; x_wconf 91' lang='lat' dir='ltr'><strong>quo</strong></span> <span class='ocrx_word' id='word_1_259' title='bbox 727 3423 854 3484; x_wconf 79' lang='lat' dir='ltr'><strong>facultas</strong></span> <span class='ocrx_word' id='word_1_260' title='bbox 876 3440 892 3481; x_wconf 88' lang='lat' dir='ltr'><strong>a</strong></span> <span class='ocrx_word' id='word_1_261' title='bbox 914 3421 1041 3497; x_wconf 86' lang='lat' dir='ltr'><strong>Summo</strong></span> <span class='ocrx_word' id='word_1_262' title='bbox 1062 3418 1199 3483; x_wconf 85' lang='lat' dir='ltr'><strong>Pontiiioe</strong></span> <span class='ocrx_word' id='word_1_263' title='bbox 1268 3452 1269 3515; x_wconf 61' lang='lat' dir='ltr'><strong>p</strong></span> 
     </span>
    </p>
   </div>
   <div class='ocr_carea' id='block_1_5' title="bbox 285 3591 1198 3659">
    <p class='ocr_par' dir='ltr' id='par_1_5' title="bbox 285 3532 1269 3659">
     <span class='ocr_line' id='line_1_37' title="bbox 285 3591 1198 3659; baseline -0.008 -14"><span class='ocrx_word' id='word_1_264' title='bbox 285 3595 321 3657; x_wconf 81' lang='grc'><strong>(1)</strong></span> <span class='ocrx_word' id='word_1_265' title='bbox 342 3593 458 3659; x_wconf 79' lang='lat' dir='ltr'><strong>Piscem,</strong></span> <span class='ocrx_word' id='word_1_266' title='bbox 475 3593 573 3645; x_wconf 66' lang='lat' dir='ltr'><strong>Proseis</strong></span> <span class='ocrx_word' id='word_1_267' title='bbox 588 3593 828 3647; x_wconf 68' lang='lat' dir='ltr'><strong>eaeremonicrom</strong></span> <span class='ocrx_word' id='word_1_268' title='bbox 843 3591 926 3647; x_wconf 81' lang='lat' dir='ltr'><strong>bibi</strong></span> <span class='ocrx_word' id='word_1_269' title='bbox 945 3594 1013 3646; x_wconf 76' lang='lat' dir='ltr'><strong>Soet.</strong></span> <span class='ocrx_word' id='word_1_270' title='bbox 1028 3594 1061 3646; x_wconf 85' lang='lat' dir='ltr'><strong>tX</strong></span> <span class='ocrx_word' id='word_1_271' title='bbox 1079 3593 1140 3657; x_wconf 85' lang='lat' dir='ltr'><strong>Cap.</strong></span> <span class='ocrx_word' id='word_1_272' title='bbox 1152 3593 1198 3641; x_wconf 90' lang='lat' dir='ltr'><strong>iit.</strong></span> 
     </span>
    </p>
   </div>
   <div class='ocr_carea' id='block_1_6' title="bbox 302 700 1269 903">
    <p class='ocr_par' dir='ltr' id='par_1_6' title="bbox 302 688 1269 903">
     <span class='ocr_line' id='line_1_38' title="bbox 302 700 1212 810; baseline -0.004 -22"><span class='ocrx_word' id='word_1_273' title='bbox 302 728 327 788; x_wconf 93' lang='lat'><strong>1.</strong></span> <span class='ocrx_word' id='word_1_274' title='bbox 344 728 398 789; x_wconf 69' lang='lat' dir='ltr'><strong>⁴lie</strong></span> <span class='ocrx_word' id='word_1_275' title='bbox 420 700 564 798; x_wconf 78' lang='lat' dir='ltr'><strong>solemni,</strong></span> <span class='ocrx_word' id='word_1_276' title='bbox 588 746 665 806; x_wconf 86' lang='lat' dir='ltr'><strong>quae</strong></span> <span class='ocrx_word' id='word_1_277' title='bbox 687 730 778 791; x_wconf 90' lang='lat' dir='ltr'><strong>bodie</strong></span> <span class='ocrx_word' id='word_1_278' title='bbox 799 727 841 810; x_wconf 75' lang='lat'><strong>(1)</strong></span> <span class='ocrx_word' id='word_1_279' title='bbox 864 730 894 788; x_wconf 89' lang='lat' dir='ltr'><strong>in</strong></span> <span class='ocrx_word' id='word_1_280' title='bbox 915 746 972 789; x_wconf 89' lang='lat' dir='ltr'><strong>usu</strong></span> <span class='ocrx_word' id='word_1_281' title='bbox 994 733 1039 787; x_wconf 89' lang='lat' dir='ltr'><strong>est</strong></span> <span class='ocrx_word' id='word_1_282' title='bbox 1061 725 1212 786; x_wconf 83' lang='lat' dir='ltr'><strong>Abbatum</strong></span> 
     </span>
     <span class='ocr_line' id='line_1_39' title="bbox 1268 852 1269 903; baseline 0 0"><span class='ocrx_word' id='word_1_283' title='bbox 1268 852 1269 903; x_wconf 87' lang='lat' dir='ltr'><strong>i</strong></span> 
     </span>
    </p>
   </div>
   <div class='ocr_carea' id='block_1_7' title="bbox 0 0 1288 4042">
    <p class='ocr_par' dir='ltr' id='par_1_7' title="bbox 0 0 1288 4042">
     <span class='ocr_line' id='line_1_40' title="bbox 0 0 1288 4042; baseline 0 2"><span class='ocrx_word' id='word_1_284' title='bbox 0 0 1288 4042; x_wconf 95' lang='lat' dir='ltr'><strong> </strong></span> 
     </span>
    </p>
   </div>
  </div>
 </body>
</html>
