2567 4042
628 181 772 276 *aaa
792 191 854 255 aa

268 317 403 385 iessado,
429 333 465 377 ne
488 315 708 392 poenitentem,
731 315 804 376 dum
826 312 985 376 confitetur
1005 317 1148 392 peccata,
1172 329 1218 372 re·

268 399 450 476 prehendat,
474 399 530 458 nisi
545 396 627 458 linita
643 398 839 468 contessione3
856 403 890 460 ul
910 399 952 458 ait
972 394 1103 457 llituale:
1126 399 1159 456 et
1173 413 1220 455 ra·

269 482 310 540 tio
332 485 377 540 est
399 499 436 541 ne
457 481 642 541 occasionem
665 480 716 540 det
736 482 766 540 ei
780 487 906 558 peccala
918 479 1061 539 reticendi
1080 522 1087 546 ,
1112 483 1147 538 ut
1161 477 1220 539 lre·

267 570 394 640 quenter
415 563 558 640 contingit
580 561 758 640 praesertim
787 564 815 622 in
839 563 985 628 rudium,
1008 561 1218 630 rusticorum,

265 663 441 722 puerorum,
466 646 690 721 mulierumque
705 643 903 721 confessione.
927 641 1006 702 llinc
1021 648 1084 702 tum
1101 640 1218 712 Patres,

267 731 331 786 tum
354 725 483 806 Synodi,
509 725 651 803 Librique
673 725 804 787 Rituales
826 745 883 789 nno
905 727 992 804 pauci
1013 721 1221 785 Confessario's

265 817 409 880 monent,
435 815 467 868 ut
489 810 566 886 siqui
589 808 704 886 pudore
726 809 881 887 impediti,
904 808 953 869 uel
975 809 1084 868 timere
1104 807 1221 867 detenti

264 895 388 968 peccata
411 889 546 951 conirteri
569 909 626 949 non
650 891 784 960 audent,
809 892 881 969 ipsis
902 891 1017 950 animos
1038 890 1162 960 addant,
1188 905 1220 947 ac

265 974 386 1040 dicant,
411 973 482 1032 nibil
506 974 674 1048 essequod
703 973 774 1034 vitia
795 991 848 1034 sua
875 974 994 1050 aperire
1026 977 1217 1040 vereantur,

265 1055 415 1115 nerninem
438 1054 591 1122 bominem
612 1071 703 1124 esse,
727 1056 778 1130 qui
801 1053 1137 1131 infirmus-fragilisque
1161 1072 1218 1111 nou

264 1137 315 1207 sit,
338 1137 418 1197 etin
441 1138 541 1214 gravia
557 1143 679 1214 peccata
701 1137 809 1198 cadere
830 1137 1003 1214 nonpossit:
1025 1135 1220 1196 Sacerdotem

265 1216 420 1279 bominem
442 1237 507 1280 esse
529 1219 748 1294 poenitentibus
770 1219 912 1288 similem,
935 1223 1143 1296 peecatorem,
1170 1217 1220 1292 qui

265 1303 394 1377 compati
416 1301 490 1360 sciat
512 1301 730 1384 peccatoribus:
753 1299 907 1362 Christum
929 1319 987 1360 non
1010 1299 1143 1377 Angelis,
1169 1298 1218 1358 sed

265 1382 693 1466 hominibusadministrandae
705 1383 904 1461 poenitentiae
914 1383 1122 1443 auctoritatem
1137 1397 1218 1440 com·

265 1467 393 1531 misisse,
419 1483 454 1524 ue
471 1466 608 1525 bomines
630 1471 753 1543 peccata
768 1483 821 1525 sua
836 1465 976 1542 detegere
991 1469 1160 1530 sereautur
1172 1464 1216 1543 iis,

263 1547 316 1624 qui
340 1547 451 1606 nullam
474 1547 509 1606 ad
534 1548 717 1623 peccandum
742 1548 961 1623 proclivitatem
982 1546 1141 1606 baberent.

306 1628 389 1689 Vlll.
414 1626 602 1689 Confessario
624 1631 704 1688 inter
725 1629 783 1689 alia
804 1629 975 1697 incumbit,
1003 1633 1037 1689 ut
1068 1629 1092 1686 si
1115 1627 1218 1705 poeni·

262 1716 329 1770 tens
352 1727 533 1782 numerum,
557 1715 588 1770 et
608 1711 740 1788 species,
763 1716 798 1771 et·
815 1712 1056 1771 circumstantias
1078 1715 1217 1787 peccato
1266 1738 1268 1831 q

262 1810 330 1852 rum
351 1794 502 1870 explicatu
525 1794 707 1852 necessarias
732 1811 790 1852 non
812 1792 1022 1870 expresserit,
1056 1809 1126 1852 eum
1145 1793 1217 1868 'pru-

262 1874 368 1936 denter
388 1877 563 1950 interroget.
587 1869 632 1944 De
655 1875 861 1936 cohortatione
887 1879 918 1934 et
950 1875 1111 1934 monitione
1139 1872 1218 1933 Con·

261 1955 392 2018 iessariis
413 1956 450 2016 ad
467 1957 677 2033 poenitentem,
693 1956 776 2018 linita
798 1954 998 2024 Coniessione‚
1022 1956 1143 2034 egregie
1159 1953 1217 2014 dis·

158 2039 163 2050 '
260 2039 334 2099 serit
355 2038 385 2098 S.
409 2037 534 2098 Carolus
565 2039 595 2097 iu
622 2041 685 2099 suis
717 2039 753 2098 dc
775 2035 969 2100 Snercmcmo
990 2037 1215 2105 Pocnitemr'or',

261 2119 521 2181 instructionibus.
544 2120 701 2199 Optimum
723 2123 810 2198 plane
832 2125 932 2188 esset,
955 2126 989 2180 ut
1010 2119 1216 2182 Confessarius
1267 2184 1268 2189 γ

261 2203 339 2262 inter
361 2204 418 2262 alia
442 2208 472 2263 et
494 2200 565 2262 illud
588 2205 736 2263 monitum
759 2203 811 2264 det
830 2203 1008 2282 poenitenti,
1033 2203 1112 2278 quod
1134 2201 1218 2261 dedit

261 2283 398 2345 Christus
421 2282 566 2344 Dominus
589 2284 726 2361 languido
747 2283 921 2345 Probaticae
937 2282 1097 2350 Piscinae,
1127 2281 1217 2343 loan-

262 2367 308 2426 nis
330 2366 433 2444 Capite
449 2365 498 2426 V:
522 2364 598 2426 Ecce
620 2385 711 2426 sanus
731 2367 830 2444 foetus·
853 2385 891 2436 cs,
911 2369 978 2446 jom
999 2368 1214 2444 noli'pcccorc,

261 2467 297 2507 no
320 2447 449 2508 deterius
472 2449 527 2508 riti
547 2448 665 2527 aliquid
686 2453 848 2526 eontinqot.
866 2446 957 2508 Plura
971 2448 1046 2508 scitu
1067 2448 1155 2526 digua
1179 2448 1215 2508 ds

258 2529 460 2591 satisfactione
474 2545 552 2607 quae
566 2531 765 2609 poenitentioe
780 2531 899 2590 nomine
914 2531 1006 2606 uulgo
1022 2531 1211 2609 intelligitur,

259 2611 390 2690 explicat
410 2610 574 2672 Tridentini
589 2609 713 2672 Consilii
729 2611 946 2682 Calecbismns,
963 2617 1162 2688 veteremque
1177 2611 1214 2672 de

261 2709 297 2752 ea
313 2691 466 2756 Ecclesiae
482 2693 671 2772 disciplinam
694 2694 752 2755 late
773 2694 894 2773 exponit
914 2694 1134 2754 eruditissimus
1147 2693 1214 2753 Μο-

260 2775 345 2838 rinus
361 2778 390 2835 in
406 2773 515 2836 celebri
537 2793 650 2853 opere:
675 2774 719 2835 Dc
741 2775 998 2836 administratione
1014 2774 1215 2837 'Sacramenta‘

260 2853 482 2926 Paenitentiam
506 2875 544 2918 ex
566 2877 626 2934 quo
652 2857 793 2919 nonnulla
813 2857 928 2932 notarit
948 2859 1084 2918 Martene
1106 2857 1174 2917 Lib.
1193 2857 1213 2918 l

258 2937 303 2998 Do
318 2941 449 3019 antiquis
471 2938 619 3001 Ecclesiae
645 2939 771 3009 ditibus,
793 2937 866 3017 Cap.
881 2938 924 2999 vl
946 2938 1140 3001 ArticulolV
1156 2957 1212 3018 per

258 3025 366 3082 totum.
392 3020 445 3082 Est
467 3030 568 3083 autem
592 3021 759 3082 Satisiactio
781 3023 827 3082 rei
848 3022 967 3082 debitae
990 3022 1105 3098 integra
1137 3023 1214 3082 solu·

257 3103 308 3164 tio.
323 3101 362 3164 Et
384 3104 504 3182 quidem
526 3105 734 3185 satisfactionis
756 3105 963 3165 necessitatem
979 3102 1035 3163 Dei
1052 3109 1211 3180 praecepto

255 3186 465 3263 peccatoribus
487 3185 656 3264 impositam
685 3190 776 3264 esse,
800 3186 904 3267 Patres
932 3183 1084 3246 Ecclesiae
1106 3203 1211 3246 omnes

257 3265 409 3333 affirmant
436 3285 472 3327 ac
493 3268 626 3348 synodi,
653 3269 858 3346 probaturque
878 3268 988 3347 celebri
1011 3268 1061 3328 illa
1072 3267 1102 3327 S.
1121 3266 1211 3327 Joau·

256 3347 302 3408 nis
316 3345 525 3410 Praecursoris
547 3349 617 3410 lesu
632 3350 745 3412 Christi
760 3353 905 3412 sententia
928 3351 956 3408 iu
973 3348 1134 3426 Evangelio
1148 3347 1210 3408 Lu·
1267 3364 1268 3373 ¹

256 3445 325 3500 cae,
350 3430 423 3509 Cap.
442 3429 500 3490 lll:
524 3427 625 3492 Facito
645 3433 765 3510 [ructus
779 3432 882 3510 dipnos
898 3432 1106 3513 poenitentioe.
1130 3429 1209 3504 Quid

256 3512 335 3584 enim
358 3512 439 3572 aliud
455 3511 511 3571 sibi
532 3503 635 3573 'volunt
649 3513 730 3591 digni
752 3514 867 3574 iru'ctus
882 3512 1093 3592 poenitentiae,
1111 3509 1208 3589 'qnam
1267 3504 1268 3551 l

254 3591 489 3654 satisfactionem
512 3611 566 3672 per
586 3611 679 3674 opera
699 3593 864 3674 justitiae?
885 3593 1106 3658 Poonitcntiom
1127 3592 1205 3663 dico,
