2567 4042
612 193 824 268 wilfi-¹

237 339 345 402 scopus
366 322 599 394 consecrandus,
622 323 664 386 ita
685 326 728 385 ait
748 323 850 384 dicere
870 321 1066 384 consuevisse
1079 318 1198 382 Metro·

237 407 421 484 politanum:
446 405 578 466 Dabitur
598 407 654 467 tibi
676 406 818 467 Edictum
838 404 875 464 de
895 406 1022 472 scrinio,
1046 401 1195 481 quemodo

239 487 341 548 &beas
360 488 542 549 eoaoercnri.
566 487 739 550 Condatem
760 494 827 549 erat
846 487 907 548 hoc
920 485 1065 547 Edictum
1086 503 1125 545 ex
1145 502 1199 544 va·

239 570 292 630 riis
314 569 424 630 Sacrae
445 569 641 646 Scripturas,
664 571 844 632 Sanctorum
866 569 1013 638 Patrnm,
1036 573 1070 628 et
1088 565 1197 627 Conci·

239 651 350 712 liornm
374 651 539 713 sententiis.
563 652 700 730 Eratque
722 654 799 713 ritus
819 651 973 726 antiquus,
997 654 1033 709 ut
1053 647 1198 708 ordinan-
1281 648 1283 651 ’

240 733 286 794 dis
306 732 473 811 Episcopis,
490 734 540 793 rel
562 731 697 803 clericis,
721 734 807 812 prius
828 733 868 792 ab
881 729 1114 811 Ordinatoribus
1132 730 1199 792 suis

239 815 371 876 Decreta
394 814 595 876 Consiliorum
618 816 744 877 auribus
764 833 872 875 eorum
894 814 1133 878 inculcarentur,
1150 813 1200 874 uti

240 901 358 957 constat
389 913 427 957 ex
449 895 568 957 Conone
589 895 633 957 lll
655 895 779 958 Concilii
811 896 894 956 tertii
921 894 1197 971 carthaginensis,
1278 934 1279 945 2

263 976 320 1037 uod
343 977 478 1037 habitum
501 984 548 1038 est
579 996 658 1038 anno
678 975 879 1041 CCCXCVll.
903 976 1017 1038 Scribit
1037 981 1200 1052 praeterea

276 1057 435 1118 abillonius
457 1059 486 1118 in
508 1075 602 1136 opere
636 1061 672 1119 de
693 1059 811 1120 Studiis
832 1055 1033 1124 Monosticin
1056 1057 1198 1117 ordinato

242 1139 314 1200 olim
329 1139 477 1218 Episcopo
491 1159 551 1201 una
564 1159 636 1203 cum
652 1139 808 1220 Evangelii
819 1139 930 1202 Codice
944 1139 1088 1200 traditum
1103 1136 1199 1198 inisse

241 1220 367 1282 Librum
389 1220 573 1284 Pastoralem
595 1222 627 1284 S.
651 1222 801 1300 Gregorii,
825 1223 897 1297 quia
917 1221 1044 1289 scilicet,
1064 1233 1147 1296 qnae
1168 1219 1199 1280 in
1281 1258 1282 1265 .

242 1303 308 1380 ipso
329 1304 439 1381 scripta
460 1310 531 1386 sunt
552 1305 658 1374 Libro,
673 1305 776 1365 omnia
797 1321 875 1382 pene
896 1305 1099 1370 continentur,
1117 1316 1200 1378 quae
1280 1302 1283 1335 ⁴

242 1384 280 1445 ad
292 1381 500 1463 Episcopalem
521 1388 616 1447 vitam
637 1394 721 1448 recte
742 1385 954 1446 instituendam
976 1383 1116 1446 attinent.
1130 1382 1201 1442 Pol·

243 1466 328 1527 liceri
345 1484 416 1527 sane
425 1467 614 1544 .jubsbantnr
628 1467 769 1546 Episcopi
790 1469 821 1526 in
836 1465 1033 1527 Ordinatione
1047 1482 1104 1525 sua
1119 1463 1198 1526 Con-

242 1551 390 1610 secratori
418 1549 655 1628 Archiepiscopo
684 1550 927 1611 observationem
949 1547 1114 1608 Sacrorum
1142 1543 1200 1606 Ca·
1281 1598 1283 1601 ,

244 1647 382 1700 nonum,
406 1637 437 1692 et
468 1631 611 1707 praedicti
632 1631 716 1692 Libri
736 1631 908 1692 Pastornles
928 1630 960 1691 S.
983 1627 1137 1705 Gregorii.
1162 1625 1198 1686 Id

243 1713 326 1771 enim
349 1716 476 1772 testatur
490 1709 673 1774 blinemarus
684 1713 941 1792 archiepiscopus
961 1708 1148 1780 Remensis,
1170 1707 1201 1766 in
1247 1781 1253 1795 .

243 1791 351 1854 litteris
385 1794 421 1852 ad
444 1791 591 1871 Nepotem
624 1811 713 1856 sunm
735 1796 920 1873 Episcopum
950 1791 1198 1854 Laudunensem.

244 1873 375 1957 Quanto·
397 1876 426 1934 in
449 1877 545 1952 prelio
566 1875 660 1938 inerit
680 1876 753 1936 olim
774 1877 854 1953 apud
876 1873 979 1935 Gallos
1011 1874 1036 1932 is
1057 1870 1200 1950 Gregorii
1281 1898 1283 1909 ν

244 1955 349 2026 Liber,
373 1956 461 2017 docet
481 1955 646 2020 Concilium
670 1955 868 2019 Cabilonense
880 1956 911 2017 Il
931 1955 1005 2032 Cap.
1022 1954 1055 2014 l.
1072 1952 1202 2014 Praeter
1281 1976 1283 1979 ·

243 2037 374 2098 Litteras
396 2036 538 2100 Edictum
560 2041 773 2109 continentes,
801 2040 939 2116 regulam
960 2053 1070 2114 nempe
1093 2051 1133 2096 ex
1155 2050 1201 2094 sa·

244 2120 304 2180 oris
325 2118 495 2181 Canonibus
526 2123 564 2182 ad
586 2122 697 2200 Episco
717 2122 795 2182 alem
816 2123 910 2182 vitam
932 2124 1016 2180 recte
1036 2118 1202 2178 instituen·
1281 2166 1283 2174 ,

245 2202 337 2271 dam,
361 2203 437 2263 aliae
459 2203 524 2261 dari
546 2221 649 2264 recens
669 2139 809 2272 fiblinmo
830 2199 980 2279 Episcopo
1002 2218 1021 2260 a
1043 2215 1099 2260 suo
1120 2197 1200 2260 Con-
1281 2218 1283 2229 ·

245 2288 397 2344 secratore
411 2284 556 2351 solebant,
574 2286 611 2346 de
634 2284 745 2360 quibus
759 2285 945 2344 mentionem
965 2282 1082 2342 iaciunt
1095 2279 1201 2340 Conci·
1280 2304 1283 2315 =

246 2364 323 2424 lium
344 2363 555 2426 Milevitannm
569 2363 598 2426 ll
620 2369 689 2424 anni
711 2364 840 2426 CDXVl
860 2364 935 2426 Can.
954 2363 1029 2424 XlV
1051 2360 1201 2422 etCodex
1281 2390 1283 2401 =

246 2444 402 2507 Canonnm
418 2445 571 2507 Ecclesiae
592 2445 765 2516 Africanae,
789 2446 863 2508 Can.
880 2444 1064 2508 LXXXIX.
1089 2440 1203 2504 Serra-

247 2533 310 2588 tam
331 2526 407 2590 hanc
429 2529 617 2606 disciplinam
639 2530 670 2588 in
691 2528 757 2588 aliis
780 2527 952 2590 Occidentis
966 2524 1124 2594 Ecclesiis,
1149 2524 1202 2584 ad·

248 2607 363 2668 discere
379 2612 448 2671 licet
464 2627 501 2670 ex
517 2609 650 2671 Concilio
665 2609 873 2671 Suessionensi
894 2609 937 2670 lt
952 2610 1052 2684 Quam
1073 2607 1114 2666 ob
1129 2622 1202 2666 cau-
1281 2630 1282 2651 1

246 2707 312 2750 sam
335 2690 512 2772 hujusmodi
534 2693 654 2754 litterae
673 2693 827 2761 darentur,
849 2692 939 2752 edicit
960 2689 1129 2753 Concilium
1145 2687 1204 2746 Mi·

248 2772 413 2833 levitanum
435 2771 481 2833 ll:
510 2771 546 2854 Ut
567 2775 662 2834 nulle
676 2773 831 2834 altercatio
851 2773 888 2833 de
905 2771 1133 2852 posterioribus,
1157 2767 1204 2829 oct

246 2855 449 2916 onesicritus
470 2855 598 2917 uelatur.
623 2853 724 2916 Erant
738 2855 952 2933 quoqueolim
975 2857 1007 2913 in
1027 2870 1086 2914 usu
1106 2849 1205 2911 Litte-

247 2951 299 2996 rae
321 2934 614 3000 Communicatoriae
631 2982 637 3005 ‚
653 2947 740 3014 'quae
761 2938 852 3014 paulo
880 2942 949 3014 post
970 2933 1203 2998 ordinationem
1281 2990 1282 2993 ,

247 3034 394 3078 araceus
415 3019 557 3080 ordinatis
580 3019 754 3096 Episcopis,
777 3018 825 3078 vel
849 3018 887 3077 ab
908 3035 1017 3080 eorum
1036 3013 1205 3076 Consecra-
1281 3032 1282 3035 ¹

248 3100 364 3161 toribus
391 3101 428 3164 ad
450 3103 525 3162 alios
548 3101 711 3179 Episcopos
732 3100 951 3169 mittebantur,
974 3105 1009 3160 ut
1030 3099 1144 3158 sonent
1164 3095 1204 3156 ad
1281 3130 1282 3139 κ

249 3196 325 3258 quos
347 3184 506 3250 scribere,
530 3188 560 3242 et
581 3201 598 3241 a
621 3183 732 3258 quibus
752 3179 894 3259 pacificas
915 3183 1031 3243 litteras
1062 3179 1204 3255 accipere
1281 3176 1282 3243 i

248 3261 407 3325 deberent.
430 3263 507 3326 Sane
529 3264 603 3325 illud
626 3264 748 3339 liquet,
770 3264 899 3341 scriptas
920 3282 978 3323 non
999 3260 1089 3321 modo
1109 3259 1205 3320 luisse
1281 3278 1282 3331 i

250 3343 322 3404 olim
351 3347 468 3408 litteras
489 3345 718 3408 Ordinationem
752 3347 822 3406 noni
842 3343 985 3423 Episcopi
1014 3343 1205 3403 continentes
1281 3338 1282 3395 l

250 3425 289 3486 ad
310 3427 384 3490 alios
405 3425 594 3506 Episcopus,
617 3439 653 3487 ac
675 3429 853 3502 praesertim
872 3427 915 3487 ad
932 3426 1105 3488 Romanum
1122 3421 1207 3483 Pon·

250 3505 363 3570 tibcsm
384 3511 435 3587 qui
458 3527 528 3572 enm
551 3526 609 3571 sno
629 3509 741 3585 scripto
761 3508 980 3578 confirmabat,
1004 3507 1058 3567 sed
1079 3505 1154 3566 abas
1175 3519 1207 3562 s
1281 3506 1282 3517 ¹

236 3588 342 3652 etiam
363 3591 401 3654 ab
422 3592 487 3670 ipso
509 3591 601 3652 etlam
617 3597 731 3652 'reeens
749 3591 888 3654 abacto
908 3591 1059 3668 Episcopo
1076 3626 1085 3657 r
1108 3586 1210 3663 eonti-
1281 3614 1282 3617 ¹
