2567 4042
619 195 844 268 *2300*

252 326 447 387 vetustissimi
475 326 600 404 quique,
624 333 659 387 ut
681 327 819 388 Clemens
845 325 1073 398 Alexandriam,
1100 325 1203 388 Strom.
1255 336 1256 406 t

253 406 335 477 vtl;
360 407 518 484 Origenes,
537 407 671 469 Homolio
687 406 719 468 X
736 411 769 469 in
792 407 977 479 tetricam
996 409 1204 476 Tertullianus,
1255 415 1256 458 t

254 489 291 550 de
305 487 431 572 chsrnio
446 487 520 567 Cap.
533 489 618 556 vtv,·
645 493 685 551 ita
700 492 820 568 quidem
844 491 881 552 de
897 493 932 551 iis
952 491 1076 570 jejuniis
1097 491 1206 568 loquuti

254 577 333 636 sunt,
357 578 391 632 ut
404 570 487 632 clare
508 572 676 642 ostendant,
694 589 729 632 ea
754 591 810 633 non
826 590 879 632 sua
901 575 1031 651 primum
1046 578 1145 634 aetate
1167 575 1205 632 in-

253 653 391 713 troducta
414 652 527 719 luisse,
552 653 604 714 sed
627 655 723 732 reteri
745 655 870 715 Petrum
894 655 1051 716 traditione
1072 661 1204 732 accepta.

251 732 332 795 Hinc
354 732 424 812 jure
446 739 588 807 statuas,
618 736 692 798 haec
720 736 833 815 jejunia
867 736 975 798 nterim
997 738 1205 814 plerorumque

252 817 489 878 clarissimorum
505 818 641 876 virorum
664 820 812 879 sententia
834 817 1027 894 apostolicam
1050 820 1106 879 sihi
1121 821 1206 896 origi·

254 916 324 959 nem
346 897 519 959 vindicare:
542 901 723 976 praesertim
747 901 893 977 quum'in
915 897 1050 961 Hermae
1073 899 1204 969 Pastore,

252 998 342 1058 saepe
363 999 380 1040 a
402 979 615 1051 Tertulliano,
633 979 787 1043 Clemente
808 982 1010 1042 Alexandrino
1033 987 1064 1044 el
1087 981 1206 1042 lrenaeo

252 1059 397 1132 laudato,
425 1061 510 1123 velut
536 1065 658 1139 antiquo
681 1062 837 1124 Ecclesiae
861 1065 1103 1130 commentario,
1130 1063 1205 1123 haud
1256 1081 1257 1112 t

249 1143 380 1203 obscura
409 1143 478 1222 ejus
500 1146 624 1222 vestigia
648 1145 802 1207 olieudere
830 1145 929 1204 liceat.
954 1145 1115 1206 Praeterea
1138 1145 1204 1204 iilud
1256 1137 1257 1182 t

252 1228 373 1285 omnino
395 1230 499 1286 notatu
520 1225 656 1303 dignum,
679 1227 794 1288 isthaec
815 1223 941 1305 jejunia,
959 1235 1062 1304 utpote
1085 1227 1205 1304 singulis

250 1307 424 1384 quibusque
439 1314 561 1386 peracta
575 1307 823 1375 hebdomadibus,
841 1311 972 1384 exceptis
989 1310 1203 1386 quinquaginta

250 1387 357 1450 diebus
376 1407 396 1448 a
412 1387 559 1450 Paschate
580 1392 617 1450 ad
633 1391 840 1457 Pentecosten,
858 1393 982 1450 minime
999 1391 1034 1449 ad
1050 1407 1205 1467 vesperam

253 1487 360 1547 usque,
385 1472 427 1532 uti
450 1471 734 1549 quadragesimalia,
759 1471 903 1550 producta
926 1473 1031 1541 luisse,
1056 1473 1110 1532 sed
1134 1473 1205 1532 hora

250 1551 310 1613 diei
334 1571 411 1612 nona
433 1553 569 1613 desiisse.
593 1554 687 1613 Porro
710 1572 766 1613 cnr
794 1553 908 1614 isthaec
937 1553 1051 1632 jejunia
1076 1555 1205 1614 instituta

248 1633 325 1704 sint,
350 1635 481 1711 explicat
504 1634 687 1711 Augustinus
710 1635 845 1715 Epistola
867 1633 1032 1697 LXXXVI
1054 1635 1092 1696 ad
1114 1635 1206 1698 Casu-

249 1714 363 1786 lanum;
388 1717 531 1776 nimirum
554 1718 635 1794 quod
659 1714 732 1777 laria
756 1723 863 1793 quarta
885 1719 1042 1778 consilium
1066 1716 1104 1776 ad
1128 1717 1205 1777 occi-

248 1795 379 1857 dendum
402 1797 563 1857 Dominum
588 1800 708 1859 inierint
728 1798 858 1868 ludaei,
881 1803 913 1858 et
933 1798 1009 1859 seria
1031 1803 1116 1858 sexta
1142 1815 1205 1874 pas·
1257 1831 1258 1872 3

247 1894 297 1938 sus
320 1879 370 1939 sit.
391 1874 497 1939 Eidem
519 1881 756 1941 etiammaussae
779 1897 885 1940 eornm
907 1880 1095 1960 jejuniorum
1119 1879 1206 1958 origi·
1257 1885 1258 1898 ²

249 1975 319 2021 nem
342 1960 480 2021 referunt
502 1960 608 2022 Petrus
631 1961 865 2027 Ateiandrtnns,
888 1960 962 2040 Cap.
982 1960 1064 2028 XV;
1091 1962 1204 2022 Auctor

249 2039 501 2104 contitutionem
523 2041 761 2123 Apostolicorum
785 2041 890 2102 hib.V
911 2043 985 2120 Cap.
1005 2042 1084 2112 XV;
1109 2051 1143 2104 et
1157 2043 1204 2101 Vi-

245 2125 404 2194 ctorinus,
428 2125 465 2186 de
487 2121 615 2186 Febrim
636 2124 756 2186 mundi.
781 2123 843 2186 lllis
866 2129 966 2186 tamen
993 2124 1099 2186 diebus
1127 2123 1203 2204 jeju·

247 2205 330 2266 nium
353 2208 419 2282 lege
442 2205 535 2266 inisse
556 2207 595 2267 ab
610 2205 748 2267 Ecclesia
762 2207 918 2271 indictum,
935 2202 1018 2284 patet
1032 2223 1068 2266 ex
1084 2203 1205 2267 'Pertul-

245 2287 335 2355 liano,
359 2288 424 2347 lib.
449 2287 487 2346 de
506 2285 662 2357 motione,
687 2288 760 2366 Cap.
785 2287 846 2357 tt;
871 2307 907 2348 ex
923 2286 1043 2349 Canone
1066 2288 1107 2348 67
1125 2286 1199 2365 Arn-

244 2370 413 2438 stolorum3
437 2387 474 2428 ex
496 2369 605 2430 Sancto
627 2368 819 2446 Epiphanio,
844 2371 873 2428 in
897 2369 1089 2448 Eapositionc
1111 2368 1200 2449 fidei,-

243 2467 279 2508 ex
304 2450 475 2512 innocentio
497 2450 522 2518 l,
548 2449 684 2531 Epistola
705 2451 726 2510 Ι
744 2451 784 2511 ad
806 2449 1006 2520 discentium
1028 2450 1201 2518 ex,lsidoro
1257 2493 1259 2522 ,

243 2529 427 2609 Hispalensi,
451 2531 516 2592 tit.
541 2532 578 2593 de
603 2531 817 2593 Ecclesiasticis
844 2529 951 2614 Officiis
972 2533 1048 2610 Cap,
1073 2529 1125 2592 ta.
1150 2531 1200 2592 Po·

242 2617 356 2674 stremo
379 2614 450 2674 illud
472 2615 630 2679 observes,
655 2611 821 2674 Ecclesiam
843 2611 1070 2675 Occidentalem
1095 2613 1196 2689 primis

240 2696 365 2770 quidem
380 2696 508 2758 saeculis
530 2695 560 2754 in
576 2696 658 2756 hisce
671 2693 795 2773 jejuniis
816 2711 887 2755 cum
910 2694 1056 2756 Orientali
1080 2712 1196 2755 consen·
1258 2729 1259 2732 =

243 2777 328 2846 sisse,
345 2785 379 2840 ut
392 2797 430 2841 ex
446 2776 614 2849 Victorino,
632 2777 806 2845 Ambrosio,
825 2773 1026 2856 Hieronymo,
1045 2781 1077 2838 et
1100 2775 1200 2854 hugu-

244 2858 323 2920 stino
354 2861 460 2938 liquet.
486 2857 600 2920 Verum
628 2876 723 2935 quum
750 2863 860 2935 quarto
888 2859 1010 2920 saeculo
1036 2857 1200 2919 Sabbatum

239 2941 320 3016 apud
343 2940 553 3003 Occidentales
573 2939 704 3018 jejunari
726 2943 867 3016 coeptum
890 2947 995 3009 asset,
1019 2939 1063 3001 uti
1087 2943 1198 2999 comtu

242 3036 280 3080 en
294 3022 414 3102 Synodo
428 3022 624 3091 Illiberitana,
642 3027 734 3102 atque
749 3021 930 3099 Augustino,
956 3039 1027 3082 mox
1051 3021 1079 3081 id
1102 3023 1197 3098 ipsum

237 3099 386 3182 jejunium
408 3104 529 3166 Sabbati
550 3104 645 3165 leriae
668 3101 710 3162 tv
730 3100 844 3180 jejunio
867 3101 1034 3164 antelatum
1058 3107 1116 3163 est.
1141 3099 1198 3159 lta·

238 3201 299 3260 que
330 3188 440 3248 sensim
462 3186 672 3264 gradatimque
698 3185 842 3244 omissum
865 3183 939 3244 illud
967 3183 1196 3262 neglectumque

239 3263 321 3336 luite
344 3270 439 3330 donec
461 3269 580 3330 tandem
603 3269 631 3325 in
648 3265 787 3326 omnibus
801 3265 953 3336 Ecclesiis,
979 3280 1058 3344 quae
1072 3261 1197 3324 Sabbato

235 3345 376 3424 jejunare
391 3355 562 3430 coeperant,
576 3349 672 3408 leriae
686 3354 814 3424 quartae
825 3344 977 3424 jejunium
994 3361 1116 3423 prorsus
1131 3343 1195 3403 abo-

238 3428 325 3495 litum
346 3441 415 3493 est:
436 3431 515 3509 quod
537 3431 708 3492 observarit
729 3427 867 3488 eruditus
890 3427 1129 3505 albaspinaeus-1
1258 3459 1259 3514 p
