2567 4042
575 168 801 244 mli-'effl-

205 302 338 383 idipsam
358 302 486 380 faciam,
504 298 663 377 diligenter
684 298 851 367 instruere?
867 298 1021 363 Consentit
1034 300 1158 377 quidem

207 390 309 445 nostro
323 382 461 443 Romano
481 381 647 443 Pontifieali
663 380 887 460 Moguntinum.
912 382 1049 457 Secunda
1070 382 1158 451 inter·

205 468 319 543 rogatio
342 467 382 527 ita
403 482 546 543 expressa
567 471 623 525 est:
645 464 693 528 Vis
714 482 810 525 mores
833 472 896 537 taos
917 466 953 525 ab
976 466 1060 525 emat
1078 464 1158 529 male

206 558 380 625 temperare,
404 556 432 607 et
453 554 611 626 pacatam,
634 546 799 625 adjacente
822 546 963 615 Domino,
982 548 1097 626 poteris
1119 545 1157 605 ad

203 630 416 689 omnebonum
438 629 650 689 commutare?
672 629 764 689 Extat
791 630 867 689 haee
890 628 1085 705 interrogatio
1105 628 1157 689 iisv

204 710 274 771 dem
296 712 399 773 verbis
431 710 580 787 descripta
603 712 633 769 in
654 708 766 771 Codice
787 710 968 771 Cassinensi.
987 709 1083 782 ¹Quod
1107 728 1158 769 no-

203 796 298 852 stram
326 794 395 852 'rem
421 796 562 870 spectat,
586 792 699 853 debent
720 792 853 868 prolecto
876 792 1007 852 Abbates
1041 792 1088 851 vel
1121 810 1158 853 ex

141 922 145 929 .
204 874 261 934 hac
284 892 338 934 sua
361 874 557 951 promissione
581 892 682 935 mores
703 874 741 933 ab
764 875 844 933 omni
867 873 948 933 malo
971 879 1152 949 temperare,

204 961 235 1015 ot
257 955 295 1014 ad
317 973 406 1015 omne
428 974 504 1033 opus
526 955 638 1019 bonum
661 956 854 1017 contendero.
879 956 910 1017 Si
932 956 1013 1015 enim
1042 956 1071 1013 in
1094 956 1156 1015 bln-

204 1037 301 1097 naebo
322 1037 401 1097 vitae
423 1038 564 1096 sanctitas
585 1044 631 1098 est
654 1039 848 1105 necessaria,
873 1040 986 1114 quanto
1009 1037 1157 1113 magisin

202 1117 269 1196 ejus
290 1118 439 1186 Praelatb,
456 1117 509 1194 qui
532 1119 596 1177 aliis
617 1137 672 1179 sno
691 1121 834 1197 exemplo
858 1119 1035 1195 praelucere
1052 1118 1156 1177 debere

201 1201 289 1280 juxta
311 1199 383 1260 illud
405 1197 488 1264 Pauli
512 1201 661 1261 monitum
682 1202 713 1260 in
728 1200 861 1278 Epistola
882 1202 982 1277 'prima
1004 1201 1039 1261 ad
1055 1198 1156 1261 Timo-

204 1281 309 1342 theum
331 1280 405 1357 Cap.
429 1280 473 1341 lV
495 1279 679 1361 Eaemplam
703 1292 765 1342 este
784 1280 915 1362 fideliam
937 1282 971 1341 e‘a
991 1281 1099 1350 aerbo,
1121 1284 1156 1340 ia

202 1364 436 1431 ennoematicae,
452 1367 486 1423 ia
501 1365 661 1433 charitates
675 1367 709 1424 ia
725 1362 792 1444 fiale,
809 1365 843 1423 c'n
859 1364 1008 1424 castitate.
1025 1363 1060 1424 ln
1074 1380 1157 1421 com-

202 1446 340 1523 pluribus
363 1445 575 1522 manuscriptis
596 1443 820 1517 Pontifiealibus
849 1444 937 1506 tertia
959 1444 1155 1522 interrogatio

203 1527 296 1587 nostri
317 1524 501 1586 Pontificalis
523 1544 655 1603 nempe:
683 1528 735 1589 Vis
753 1529 935 1595 castitatem,
958 1526 1154 1596 sobrietatem,

200 1608 411 1677 bumilitatem,
428 1618 453 1668 et
470 1610 650 1687 patientiam
673 1628 740 1669 eam
756 1608 813 1670 Dei
828 1607 982 1688 adjutorio
1003 1609 1037 1667 ia
1052 1620 1077 1669 te
1094 1609 1156 1686 ipso

204 1687 362 1760 costodiae,
386 1688 572 1767 subditosque
596 1698 660 1751 taes
682 1690 758 1750 talia
779 1688 904 1749 decere?
926 1690 1021 1761 deest;
1046 1690 1157 1751 haben.-

203 1777 251 1831 tur
274 1776 374 1831 tamen
396 1769 473 1830 aliae
495 1770 655 1831 nonnullae
679 1789 752 1848 quas
775 1772 897 1847 longum
930 1777 1010 1831 esset
1032 1790 1156 1833 enume-

201 1868 281 1910 rare.
313 1851 426 1912 Omnes
454 1852 568 1928 antiqui
590 1852 673 1913 Libri
695 1850 882 1913 Pontifieales
915 1854 1052 1914 referunt
1078 1854 1155 1913 bane

201 1932 468 2010 interrogationem
490 1935 585 1994 nestri
606 1934 812 1995 Pontificalis:
839 1933 887 1995 Vis
909 1953 955 1995 res
977 1932 1157 1996 Monastere'i

201 2013 256 2075 riti
277 2016 424 2075 commissi
445 2014 569 2096 fideliter
591 2015 761 2083 custodire,
787 2026 814 2077 et
841 2016 876 2074 m
896 2034 967 2075 asos
989 2014 1150 2087 Ecclesiae,

200 2092 355 2166 Fratrum,
370 2115 550 2175 pauperem,
567 2106 594 2157 et
606 2100 837 2177 peregrinorum
853 2096 1050 2171 distribuere?
1065 2098 1154 2159 Certe

200 2176 258 2237 fuit
279 2178 351 2238 olim
375 2184 437 2251 tam
451 2180 613 2254 singularis
629 2179 851 2240 Monachorum
866 2178 1038 2239 humanitas
1048 2193 1049 2196 ’
1060 2180 1090 2238 ἱιι
1105 2196 1153 2239 su.-

117 2332 122 2338 ,
200 2260 359 2335 scipiendis
380 2260 547 2338 peregrinis
571 2265 662 2335 atque
685 2260 867 2337 pauperibus
886 2302 906 2325 ‚.
919 2266 952 2321 ut
974 2258 1155 2321 Monasteria

200 2340 301 2417 potius
323 2340 574 2415 Xenodocbiaet
594 2340 763 2417 Hospitalis
787 2384 794 2410 ‚
820 2358 911 2417 quam
934 2343 1154 2404 Monaehorum

200 2422 370 2482 habitacula
385 2423 570 2483 viderentur:
584 2419 675 2483 Nobis
690 2420 921 2491 iaMonaslerio,
935 2423 1071 2499 iuquitS.
1082 2422 1152 2483 Hie·

152 2554 160 2566 .
199 2520 344 2579 renymus
366 2505 395 2562 in
417 2503 565 2581 Apologia
595 2503 741 2565 adversus
763 2504 942 2573 Rullinum,
966 2506 1159 2585 hospitalitas,

199 2583 283 2645 cordi
305 2594 356 2652 est,
375 2603 532 2663 omnesque
554 2583 593 2644 cd
615 2602 666 2645 aas
688 2586 835 2647 escientes
857 2586 937 2647 laeta
951 2586 1149 2648 inmanitatis

198 2664 300 2741 fronte
315 2667 504 2743 suscipimus.
527 2664 638 2738 Quinta
654 2668 849 2742 interrogatio
870 2667 954 2736 hisce
968 2669 1151 2752 uerbispn'n·¹

199 2749 285 2826 cepta
306 2752 374 2808 est:
404 2748 451 2808 Vis
476 2744 606 2807 Sanctae
628 2745 727 2809 Matri
748 2746 896 2810 Ecclesiae
919 2747 1071 2809 Romanae
1086 2755 1096 2819 ,’
1118 2768 1153 2809 ac

197 2827 388 2889 Sanctissimo
409 2826 537 2894 Domino
569 2839 670 2889 nostro
695 2826 816 2889 Sammo
839 2827 999 2911 Pontifici,
1030 2834 1153 2913 ejusque

201 2906 423 2970 Successortlm
445 2908 544 2991 (taem,
567 2911 793 2990 subjectionem,
818 2910 1032 2981 obedientiam,
1058 2922 1085 2973 et
1106 2914 1155 2973 re-

197 2992 362 3051 ceremiam
385 2990 493 3058 denote,
511 3000 539 3051 ct
560 2990 690 3072 fideliter
709 3010 765 3071 per
785 2994 887 3052 amaia
904 3004 1049 3073 perpetuo
1071 2994 1153 3055 eali-

157 3116 172 3144 ,
197 3073 281 3132 bere?
295 3071 452 3135 Omittitnr
468 3073 544 3133 haee
560 3075 754 3157 interrogatio
772 3073 802 3132 in
817 3074 946 3150 antiquis
962 3076 1060 3135 Libris
1074 3073 1156 3135 Pon-¹

199 3153 371 3224 tifiealibus‚
389 3154 466 3231 quod
489 3159 598 3215 cuneta
620 3172 698 3230 quae
713 3154 743 3214 in
759 3154 823 3231 ipsa
839 3155 1071 3234 interrogatione
1086 3174 1152 3227 con·¹

198 3236 357 3305 tinemut,
380 3234 524 3313 prolixius
546 3235 616 3295 novi
637 3234 770 3296 Abbates
797 3236 829 3295 in
848 3234 1049 3314 juramento,
1072 3238 1152 3315 quod

198 3314 352 3377 fidelitatis
367 3321 485 3385 vocant,
498 3316 634 3377 Romano
647 3313 782 3385 Pontifici
797 3320 1019 3395 promitterent.
1032 3319 1063 3380 Si
1077 3334 1158 3381 rern-

199 3397 421 3459 benedieendus
436 3404 595 3476 exemptus
609 3415 670 3457 non
686 3404 743 3467 est,
761 3407 857 3475 neque
874 3402 1055 3463 auctoritate
1071 3401 1154 3479 Apo-

201 3478 316 3545 stolos,
333 3481 385 3540 sed
407 3480 446 3540 ab
463 3480 613 3540 ordinario
635 3497 691 3539 suo
705 3480 854 3559 Episcopo
869 3482 1067 3553 benedicitur,
1083 3488 1152 3560 post

203 3561 370 3640 praedictas
392 3561 640 3641 interrogationes
668 3560 857 3642 subiungitur
871 3564 971 3641 ,etiam
993 3581 1121 3642 sequeus
1139 3582 1155 3620 :s
