2567 4042
620 157 846 228 moult&-

150 323 152 327 <
253 294 285 348 et
306 286 452 364 operculo
473 286 622 354 contenti,
638 268 729 347 ter'ra
751 285 967 349 obruebantur.
991 289 1107 351 Isterat
1125 311 1204 352 noru-

254 370 354 429 mnnis
376 368 619 429 Christianorum
641 368 885 445 sepeliendorum
914 387 999 432 usus.
1022 369 1142 432 Praeter
1161 393 1206 434 sa·

254 449 412 511 lutilernm
434 449 543 510 Crucis
564 451 701 529 signum,
726 452 755 509 in
778 452 927 527 superiori
949 458 1002 512 ant
1024 453 1054 512 in
1076 455 1206 516 interiori

255 533 355 610 lapide
376 530 529 609 sepulchri
561 532 768 592 incidebantur
794 536 826 590 et
852 532 997 610 imagines
1017 533 1125 596 Christi
1155 543 1206 597 ant

255 615 492 690 Apostolorum,
515 615 565 674 rel
588 614 667 675 tituli
689 631 798 673 nomen
820 612 1057 692 dignitatemque
1079 617 1207 678 defuncti

253 696 448 755 continentes.
474 695 682 773 diligebantur
703 692 864 770 Epitaphia
897 697 1066 773 sepulcris,
1090 717 1207 762 eorum-

254 795 314 854 que
330 795 389 836 non
404 794 498 854 pauca
514 777 605 838 allert
620 779 650 836 in
666 795 720 837 sno
735 777 772 836 dc
786 774 983 838 Coemeteriis
998 796 1090 856 opere
1104 782 1208 842 doctis·

254 863 349 920 simus
369 859 493 920 Marcus
514 859 664 919 Antonius
679 859 820 930 Bnldetti,
834 863 864 920 et
885 859 1014 920 loannes
1037 860 1207 939 Marangoni

253 943 284 1002 ln
313 940 477 1017 appendice
505 939 731 1000 Dissertationis
763 940 800 999 ad
823 944 897 1002 Acta
919 940 951 1001 S.
975 941 1122 1004 Victorini
1145 943 1208 1023 Epi-

252 1024 334 1098 scopi
357 1019 576 1082 hmiternensis
607 1025 639 1081 et
661 1020 815 1100 Martyris.
840 1021 894 1083 Est
920 1024 946 1082 is
968 1041 1040 1086 sane
1072 1027 1207 1104 antiquus

251 1121 318 1164 mos
333 1119 529 1180 personarum
546 1105 726 1181 praesertim
744 1104 903 1164 illustrium
920 1107 1043 1166 tumulis
1058 1108 1222 1185 epitaphia

254 1185 413 1263 attigendi,
437 1202 515 1262 qnae
536 1186 649 1262 passim
671 1186 701 1243 in
724 1182 866 1246 Ecclesiis
889 1187 989 1266 legere
1012 1195 1066 1249 cst.

630 1345 758 1408 CAPUT
781 1347 835 1408 ΙΙΙ.

370 1529 413 1571 DE
434 1527 582 1583 uxuonns
604 1527 819 1572 PARVULOBUU
841 1529 882 1571 ΕΤ
906 1530 948 1572 DE
970 1529 1089 1576 oboluit

589 1608 647 1653 BOS
670 1607 869 1653 substruunt.

294 1757 319 1817 1.
342 1756 464 1816 Parvuli
487 1756 545 1817 boc
573 1756 638 1816 loco
671 1756 814 1816 dicuutur
836 1753 988 1826 infantes,
1022 1757 1071 1819 vel
1105 1759 1209 1833 pueri,

252 1840 304 1917 qrri
325 1837 487 1915 baptizati,
510 1844 578 1899 ante
600 1855 694 1916 annos
717 1837 903 1899 discretionis
925 1839 1084 1907 abierunt,
1109 1840 1210 1916 quales

253 1921 324 1982 suut
344 1925 379 1981 ut
401 1919 565 1998 plurimum
589 1923 760 1996 septennes.
785 1916 879 1978 Porro
900 1918 1021 1981 Ritualc
1044 1919 1210 1982 Romanum

254 2006 395 2078 antiquae
418 1998 572 2062 Ecclesiae
594 2001 770 2078 disciplinae
797 2001 969 2071 inhaerens,
986 2005 1157 2081 peculiares
1172 2005 1210 2063 ri·
1260 2029 1261 2080 r

254 2091 302 2146 tus
324 2084 453 2144 institnit
475 2083 651 2162 hujusmodi
674 2082 775 2158 pueris
790 2084 979 2159 sepeliendis.
995 2082 1212 2146 Pertiuentau·
1260 2085 1261 2116 ³

252 2173 314 2228 tem
336 2166 458 2226 omnino
480 2166 500 2225 ii
524 2167 619 2232 ritus,
644 2164 694 2239 qui
716 2163 775 2223 illis
795 2163 995 2234 deferuntur,
1019 2173 1071 2226 aut
1098 2166 1135 2226 ad
1160 2167 1210 2226 bo-

254 2249 386 2309 noranda
410 2246 538 2324 Spiritus
560 2245 660 2306 Sancti
682 2243 794 2321 templa
816 2250 846 2306 ei
868 2247 1052 2324 baptismalis
1074 2249 1210 2308 iunocen-

255 2331 315 2391 tiae
339 2327 496 2404 reliquias,
520 2329 632 2388 autad
658 2329 880 2402 protestandam
904 2327 993 2388 fidem
1017 2331 1211 2390 resurrectio-

255 2415 300 2472 nis
321 2410 460 2477 iuturae,
483 2416 536 2470 aut
556 2426 630 2469 vcro
653 2407 688 2468 ad
711 2410 841 2486 agendas
863 2408 925 2469 Deo
947 2412 1074 2488 gratias,
1099 2412 1154 2486 qui
1169 2412 1210 2470 in-

254 2493 439 2552 lentulorum
462 2493 577 2551 animas
601 2491 747 2567 Baptismi
772 2491 967 2560 sacramento
991 2490 1208 2556 sanctificatas,

255 2576 319 2634 sine
341 2571 404 2635 ullo
426 2591 480 2634 suo
501 2574 631 2637 merito,
657 2572 721 2631 siue
743 2574 878 2650 periculo
907 2573 1033 2644 salutis,
1056 2574 1095 2633 ad
1115 2581 1210 2635 aeter-

255 2674 325 2716 nam
348 2656 441 2714 vitam
465 2656 543 2716 illico
564 2654 702 2730 dignatus
724 2659 770 2714 cst
791 2662 930 2715 evocare.
946 2651 1041 2716 Recte
1056 2655 1149 2715 edicit
1163 2673 1209 2716 no·

255 2746 351 2798 strum
373 2735 492 2796 Rituate
514 2737 564 2798 ubi
586 2736 623 2795 de
638 2732 783 2816 Exepuiis
798 2738 996 2813 parvulorum
1010 2737 1094 2814 agit,
1111 2737 1211 2799 admo-

256 2820 370 2881 ucndos
391 2819 422 2876 in
444 2819 549 2895 primis
570 2834 636 2876 esse
654 2814 821 2887 parochos,
847 2821 880 2876 ut
901 2817 989 2896 juxta
1000 2803 1171 2880 ‘vetustam
1185 2825 1210 2878 ct

257 2902 437 2966 laudabilem
460 2897 674 2961 Ecclesiarnur-
701 2899 970 2967 consuetudinem,
994 2901 1209 2977 parvulorum.
1259 2903 1260 2972 l

255 2985 308 3061 qni
330 2982 443 3043 scilicet
463 2981 606 3059 baptizati
638 2980 785 3041 decedunt
805 3022 813 3048 ,
834 2981 1015 3057 corpuscula
1043 2991 1107 3040 non'
1133 2999 1210 3061 sepe·

255 3067 366 3127 llantur
387 3066 416 3124 in
439 3063 651 3124 communibus
666 3064 698 3120 et
718 3063 897 3138 promiscuis
911 3059 1172 3124 Coemetcriorum
1185 3069 1209 3124 et

255 3145 464 3208 Ecclesiarum
486 3142 672 3222 sepulturis,
701 3142 754 3203 sed
784 3150 818 3202 ut
839 3153 893 3220 pro
916 3145 973 3205 iltis
1004 3145 1032 3202 in
1059 3144 1209 3206 Parochia·

257 3229 357 3300 libus,
374 3232 427 3289 aut
443 3227 560 3286 illarum
576 3225 794 3292 Coemeterils,
812 3229 960 3301 quatenus
975 3226 1134 3289 commode
1148 3226 1207 3288 liert

256 3309 375 3387 potest,
399 3308 543 3386 speciales
574 3313 605 3367 et
626 3311 781 3382 separatos
814 3307 852 3366 ab
874 3306 940 3367 aliis
972 3307 1087 3368 loculos
1120 3315 1152 3370 et
1170 3326 1209 3368 sc·

257 3391 393 3467 pulturas
415 3391 558 3450 habeant.
582 3388 698 3449 Similia
721 3388 833 3448 habent
855 3389 996 3466 permulti
1024 3389 1144 3451 codices
1164 3389 1208 3448 lli·

259 3471 365 3532 tuales.
389 3472 503 3532 Similia
525 3471 573 3531 his
595 3487 717 3546 qnoque
740 3471 840 3547 legere
866 3475 912 3530 est
935 3471 964 3530 ln
985 3469 1139 3549 plerisque
1160 3471 1208 3551 Sy·

259 3552 344 3638 nodis
366 3552 630 3630 antiquispariter
646 3592 653 3620 ,
671 3568 705 3610 ac
721 3551 952 3630 recentioribus,
970 3549 1003 3610 ln
1019 3555 1207 3630 parvulorum
