2567 4042
566 181 791 254 ‹mebi-(lmese

206 310 318 376 tillcem
340 311 420 389 apud
442 309 607 371 Eusebium
630 311 741 370 Libll
764 307 916 373 Historiae
936 307 1165 370 Ecclesiasticus

206 389 279 470 Cap.
303 391 356 450 Ab.
380 389 482 469 Neque
505 393 592 460 enirn,
617 392 725 468 inquit,
750 391 786 451 de
809 391 857 450 dia
879 391 973 450 sotum
994 399 1164 450 controuer-

206 473 252 531 sia
275 483 326 540 est,
343 471 392 531 sed
415 471 506 532 etiarn
529 470 563 531 de
583 474 685 551 forma
699 475 766 551 ipsa
776 472 902 554 iejunii.
920 468 1080 550 Dionysius
1095 467 1166 530 Ale

207 553 396 622 landricus,
425 541 477 629 qui
500 554 588 613 tertio
611 553 737 615 Saeculo
767 551 899 614 nbudum
922 550 1025 612 adulto
1047 551 1166 626 scripsit

206 635 378 694 canonicam
400 635 437 694 ad
460 634 617 696 basilidem
640 635 818 713 Epistulam,
843 651 909 693 eam
932 634 974 693 sic
997 633 1163 694 exorditur:

207 713 319 777 Misisti
333 715 374 774 od
389 734 445 782 me,
459 714 626 795 fidelissime
641 725 668 774 et
683 716 898 794 sapientissime
909 713 963 794 fili,
976 715 1167 792 interropaas

208 814 267 876 qua
289 796 350 856 diei
371 797 446 857 bora
468 795 600 858 Paschae
618 800 773 878 jejuniam
795 794 962 856 soluendum
985 795 1051 856 sit?
1072 794 1168 872 Igitur

207 877 343 956 Dionysii
365 882 464 938 aetate
486 879 713 956 ante-paschale
735 877 883 958 jejunium
913 881 993 938 tanta
1022 877 1167 954 religione

207 958 428 1029 celebrabatur,
453 964 488 1019 ut
509 959 723 1036 perdiligenter
746 966 1000 1037 percuterentur,
1024 977 1083 1035 qua
1106 957 1165 1017 diei

207 1042 283 1100 hora
304 1039 451 1118 jejenium
473 1041 549 1101 illud
564 1041 682 1102 solvere
698 1040 813 1103 liceret.
829 1039 931 1112 Quum
955 1041 1046 1118 igitur
1061 1037 1167 1100 Patres

207 1123 330 1182 secundi
353 1139 387 1180 ao
409 1122 490 1182 tertii
505 1120 623 1184 saeculi
647 1128 714 1183 ante
737 1121 886 1202 paschalis
907 1119 1013 1198 jejunii
1035 1120 1166 1197 antiqui-

208 1207 301 1263 tatem
323 1204 398 1263 adeo
420 1202 588 1266 luculenter
610 1204 771 1272 adserunt,
801 1204 906 1282 procul
929 1203 1020 1264 dubio
1049 1207 1166 1280 aposto-

207 1285 266 1343 lica
289 1284 330 1344 illi
354 1284 498 1345 institutio
520 1285 678 1354 tribuenda
699 1293 754 1348 est.
851 1351 852 1354 ,

249 1364 289 1425 ll.
313 1367 398 1427 ldem
424 1365 577 1445 jejunium
608 1368 645 1429 ab
673 1367 737 1444 ipsa
759 1366 972 1443 Apostolorum
1002 1370 1099 1426 aetate
1125 1363 1163 1424 ad

208 1448 402 1526 quadraginta
424 1449 488 1509 dies
506 1446 599 1508 luisse
615 1449 805 1527 productum,
825 1446 963 1524 pluribus
978 1448 1165 1508 demonstra·

210 1535 271 1588 tur.
296 1528 455 1607 Origenes
472 1534 576 1588 contra
598 1529 721 1590 Celsum
743 1528 810 1588 Lib.
827 1527 910 1601 VIll‚
930 1545 986 1588 non
1009 1529 1099 1589 modo
1119 1525 1166 1605 je·

206 1609 326 1686 junium
349 1611 580 1690 antepaschale‚
605 1609 685 1688 quod
708 1627 883 1689 parasceves
905 1616 1014 1680 vocat,
1038 1610 1075 1670 ab
1096 1611 1165 1670 aevi

208 1693 255 1750 sui
278 1689 454 1753 Christianis
474 1699 627 1754 servatum
650 1693 805 1760 meminit,
828 1709 936 1752 verum
959 1693 996 1752 de
1018 1689 1165 1772 Christia-

208 1789 315 1834 norum
326 1766 504 1834 abstinentia
519 1775 655 1852 loquens,
670 1774 931 1854 quadrupesimam
945 1791 1086 1852 expresse
1103 1791 1164 1834 me·

207 1862 316 1916 morat.
333 1853 483 1916 Habemus
498 1857 586 1925 enim,
610 1857 716 1932 inquit,
738 1853 996 1934 Quadropcsimae
1012 1849 1166 1936 dics'jsju·

208 1935 268 1994 niis
290 1948 482 1997 consecratos.
507 1932 633 2000 &notus
655 1937 838 1998 Athanasius
861 1939 889 1994 in
912 1935 1044 2017 Epistola
1067 1933 1107 1996 ad
1122 1955 1167 1997 or-

136 2056 139 2061 ·
207 2014 374 2086 tbodonos,
403 2019 441 2079 de
463 2017 583 2098 Georgii
607 2017 712 2080 Ariani
744 2019 773 2077 in
796 2016 904 2078 Sedem
928 2017 1165 2098 Alexandrinam

208 2098 374 2160 intrusione
395 2118 498 2178 agens,
524 2101 600 2162 baec
622 2099 736 2162 babet:
760 2097 954 2159 Haerentem
969 2101 1019 2160 sub
1035 2099 1161 2170 Pascba,

206 2181 240 2239 in
255 2199 340 2242 saara
358 2179 601 2262 Quadrapesirna
623 2194 692 2244 uota
707 2190 785 2248 sunt,
793 2199 852 2260 per
868 2179 945 2260 quod
962 2192 1073 2260 tempus
1083 2183 1167 2261 jeju-

102 2255 106 2273 “
207 2262 266 2321 niis
283 2263 380 2322 dediti
395 2273 493 2322 erunt.
511 2263 543 2323 S.
561 2262 692 2342 Cyrillus
707 2262 1000 2342 Hierosolymitanus
1014 2263 1164 2328 Catccbcsi

207 2341 222 2401 l
236 2353 373 2421 tempore
384 2342 639 2421 Quadragesimae
660 2345 696 2404 ad
712 2343 951 2405 Catachumenos
968 2344 1081 2409 habita.
1112 2340 1164 2426 Tot

208 2441 369 2494 annorum,
386 2425 493 2503 inquit,
508 2427 635 2486 circulos
649 2425 827 2504 transegisti,
841 2424 952 2484 mando
965 2427 1086 2506 frastra
1101 2443 1166 2505 ope·

206 2520 276 2563 ram
290 2523 426 2575 naoans‚·
441 2519 470 2566 et
485 2506 692 2586 quadruplata
708 2501 807 2567 diebus
823 2523 884 2564 noa
897 2498 1084 2586 cacabis'pro
1100 2507 1165 2566 ani·

206 2603 258 2644 rna
278 2585 361 2646 tua?
382 2587 508 2648 Sanctus
529 2586 716 2666 Augustinus
737 2586 872 2666 Epistola
893 2587 953 2648 119
988 2588 1027 2666 ad
1048 2585 1164 2659 Janua·

205 2667 287 2725 num
310 2668 383 2745 Cap.
403 2667 453 2751 15,
477 2676 635 2745 postquam
657 2670 812 2747 praemisit
833 2669 1101 2748 Quadragesimam
1117 2669 1165 2748 je-

204 2747 358 2824 juniorum
382 2750 495 2810 babere
517 2753 728 2812 auctoritatem
756 2756 787 2812 et
818 2752 849 2809 in
880 2753 1034 2813 veteribus
1062 2749 1162 2810 Libris

204 2847 242 2888 ex
264 2829 382 2908 jejunio
403 2832 516 2911 Moysis
537 2838 569 2892 et
589 2830 685 2903 Elias,
703 2840 734 2892 et
755 2850 793 2894 ex
808 2829 982 2913 Evangelio,
1000 2830 1070 2910 quia
1092 2831 1162 2892 toti·

205 2909 274 2972 dem
296 2913 404 2974 diebus
425 2909 573 2976 Dominus
599 2912 757 2994 jejunavit,
776 2913 872 2974 multa
892 2915 1014 2992 exponit
1032 2913 1161 2990 quadra-

205 2996 319 3069 genarii
341 2997 459 3056 numeri
482 2997 638 3072 mysteria,
669 2995 843 3058 ettandem
870 2999 911 3057 sic
934 2996 1097 3056 concludit:
1126 2992 1162 3056 Ut

205 3074 411 3154 qmaraptnrn
436 3077 484 3138 atr
508 3075 570 3136 dics
596 3088 667 3138 ante
692 3076 806 3138 Pascha
827 3077 1042 3145 observentur,
1068 3075 1164 3136 Eode-

203 3157 265 3215 siae
288 3158 469 3220 cousuetudo
483 3159 641 3220 roboravit.
659 3159 786 3219 Sanctus
802 3157 863 3219 Leo
878 3160 1006 3236 Magnus
1020 3159 1163 3220 Sermone

203 3235 260 3296 ΙΙΙ
277 3237 312 3297 dc
331 3236 582 3318 Quadrupesima.
609 3237 692 3300 Unde
715 3241 797 3318 puta,
822 3239 928 3318 inquit,
947 3239 1019 3300 dam
1039 3232 1161 3300 mortali

203 3335 293 3378 carne
315 3321 552 3389 circumdamur,
576 3339 639 3380 non
661 3320 770 3382 desinit
796 3321 879 3382 nobis
901 3322 991 3382 bostis
1017 3323 1162 3400 antiquas

202 3399 322 3478 laqueos
341 3404 462 3480 peceati
481 3404 590 3482 ubique
605 3401 854 3480 praetendere...‚
882 3404 991 3463 merito
1017 3401 1160 3462 doctrina

204 3477 334 3557 Spiritus
357 3479 462 3544 Sancti
486 3484 543 3542 bac
572 3483 741 3545 eruditione
768 3483 875 3544 imbuit
903 3487 1045 3564 papulam
1069 3482 1177 3550 curn·

202 3563 359 3630 satanan,
383 3574 417 3624 ut
443 3563 484 3623 cd
506 3560 647 3623 Pascbate
669 3563 787 3629 Festum
809 3563 1017 3642 quadrapinta
1040 3563 1158 3626 dicrum
