2567 4042
442 168 670 240 ‘willim-

58 302 259 363 eelebritotie
275 298 387 359 deuotio
402 318 494 377 usqae
518 302 554 359 in
568 298 743 359 hodiernum
760 294 847 365 diem,
869 315 928 357 core
942 295 1038 357 selem

63 388 109 445 in
125 382 232 442 eodem
247 379 391 448 Ecclesia,
408 400 512 441 aerem
522 401 579 461 per
593 398 692 439 omnes
702 397 778 456 pecc
790 379 961 459 prouinciae
980 374 1037 437 Oe·

62 464 203 525 delentis
227 472 339 522 menet.
355 461 596 540 Antiphonarnm
619 480 708 522 nsum
732 458 864 521 Ecclesia
888 460 1034 525 Romana,

63 552 227 625 quantum
249 562 288 605 ex
303 545 433 619 antiquis
454 546 652 619 scriptoribus
675 542 777 617 haberi
795 549 901 619 potest,
919 542 949 603 S.
963 540 1036 603 Cau·
1147 585 1150 590 -

67 631 186 689 lestino
197 626 296 704 Papae
308 633 466 701 acceptum
481 627 589 687 relect:
614 625 682 685 vide
703 625 938 685 eruditissimum
955 620 1039 683 Han«.

71 710 240 771 schenium
263 711 293 768 in
317 707 401 767 dctis
422 708 601 769 Sanctorum
622 706 660 765 T.
683 706 696 765 l
720 705 832 783 Aprilis
853 704 943 769 dieti
966 722 1034 782 pag.

67 792 150 852 eet:
176 791 271 851 semel
286 796 388 849 autem
410 796 566 868 acceptum
587 794 760 851 constanter
783 790 920 867 retinuit,
945 796 1037 849 etex

70 874 172 932 Lihre
195 873 308 932 blnrne
331 871 535 932 Romanorum
560 869 740 932 Pontificum
761 870 820 929 Tit.
845 870 875 938 7,
901 876 930 931 el
953 868 1037 930 Anti·

72 956 234 1033 phonariis
248 954 280 1014 S.
298 952 436 1031 Gregorii
459 960 523 1014 turn
535 955 654 1021 Missae,
674 959 738 1012 tum
753 952 927 1013 Olheierum
950 949 1038 1026 plane

73 1038 239 1097 doeemur.
263 1037 506 1113 Antiphonarum
528 1034 750 1113 apudGraeeos
772 1040 878 1095 auctor
900 1031 1035 1094 creditur

74 1118 110 1178 S.
129 1118 274 1195 lgnatius,
299 1136 393 1193 aqno
415 1118 544 1178 lermam
565 1119 648 1177 illam
672 1117 788 1176 alterna
811 1118 876 1175 viee
899 1113 1036 1173 cantandi

77 1199 295 1259 inEcelesiam
311 1199 531 1262 Antiochenam
546 1198 729 1276 profluxisse
744 1198 865 1259 tradunt
878 1194 1036 1273 Georgius

75 1283 113 1340 in
129 1282 200 1341 Vita
215 1282 246 1341 S.
263 1280 382 1341 loannis
399 1280 615 1361 Chrysoetemi5
630 1280 778 1350 Socrates,
802 1279 868 1339 Lib.
886 1279 898 1339 l
915 1276 986 1354 Cap.
1004 1277 1037 1345 8;

76 1362 271 1440 Nicephorus
291 1360 456 1428 Callistus,
481 1362 548 1422 Lib.
572 1362 648 1424 Xlll
670 1363 744 1439 Cap.
768 1362 787 1421 8
806 1382 814 1429 ς
838 1359 1036 1427 matarius,

76 1445 113 1504 de
141 1444 360 1505 Ecclesiasticis
386 1443 489 1527 officiis
521 1445 587 1505 Lib.
611 1445 654 1515 lV
676 1442 749 1522 Cap.
774 1446 819 1515 73
849 1440 1038 1505 Walalridus

77 1527 209 1595 Strabo,
230 1524 302 1603 Cap.
326 1526 378 1586 28.
401 1535 460 1587 ete.

121 1608 162 1668 ll.
187 1606 382 1683 Exploratum
398 1628 469 1669 sane
490 1609 568 1684 apud
581 1611 743 1685 scriptores
765 1626 868 1667 sacrae
884 1604 1037 1683 Liturgiae

79 1699 153 1762 est,
188 1707 293 1749 omnes
314 1691 477 1767 antiquitus
498 1690 687 1767 Antiphonas
718 1692 849 1766 integras
871 1686 964 1747 luisse
986 1687 1038 1749 de-

78 1778 216 1837 cantatas
247 1780 316 1833 ante
339 1775 470 1849 psalmos
490 1773 538 1831 vel
561 1776 696 1837 cantica,
723 1779 788 1831 turn
811 1771 894 1831 lestis
922 1769 1039 1837 diebos,

79 1862 144 1915 turn
166 1854 371 1929 quotidianis,
406 1860 437 1914 et
464 1856 493 1914 in
515 1855 628 1915 Officiis
652 1854 818 1931 majoribus
841 1852 1036 1927 vigiliarum,
1123 1858 1126 1863 '

81 1936 222 1995 Matutini
243 1955 279 1996 ac
302 1935 465 2014 Vesperae‚
489 1938 570 1996 etin
593 1937 761 1997 minoribus
783 1933 875 1995 Horis
898 1940 929 1993 et
950 1931 1039 1993 Com-

81 2018 213 2095 pletorii.
237 2016 270 2077 ld
292 2018 448 2080 adstruere
462 2018 583 2080 videtur
598 2018 767 2079 Amalarius
782 2016 848 2076 lib.
865 2013 908 2075 lV
930 2012 1041 2090 Cep‘l

81 2101 240 2175 inquiens:
264 2096 437 2180 Antiphpoo
461 2100 575 2160 dicitur
598 2119 657 2161 eece
681 2102 843 2178 reciproco.
870 2093 1039 2173 Antiphone
1107 2146 1124 2173 κ

81 2182 243 2241 inchoetur
267 2184 304 2241 eb
318 2204 378 2243 ono
400 2185 493 2242 uerior
518 2184 613 2248 elteri,
641 2192 670 2241 et
695 2182 735 2241 ed
751 2184 814 2261 ejas
835 2177 1039 2259 symphoniam

75 2264 212 2341 psalmos
227 2274 370 2323 caelator
381 2284 438 2343 per
454 2264 528 2324 duee
543 2266 647 2325 choree
661 2284 670 2331 ;
685 2268 751 2341 ipso
767 2264 856 2329 enim,
885 2260 961 2319 idest
977 2256 1039 2317 An-

82 2346 216 2425 tiphone,
244 2349 448 2425 conjicerentur
463 2347 552 2407 mmet
578 2346 636 2405 eloe
654 2346 754 2408 Cleri.
779 2344 897 2417 Quibus
919 2343 948 2400 in
971 2357 1039 2407 ver-

82 2429 127 2487 bis
148 2428 221 2486 satie
237 2427 383 2489 indicatur
404 2430 554 2505 integram
576 2428 790 2488 concinendam
812 2442 877 2487 esse
892 2422 1039 2499 Antipho·

82 2526 150 2568 nam
172 2516 242 2569 ante
261 2510 427 2585 psalmum.
451 2510 632 2589 Sympheeie
654 2517 699 2570 est
720 2510 800 2571 enim
814 2506 946 2585 plurium
968 2522 1038 2569 een·

83 2596 206 2651 centus:
231 2592 332 2667 itaque
354 2594 393 2651 eb
409 2592 612 2669 Antiphonem
634 2593 673 2650 ab
687 2611 746 2651 uno
761 2590 890 2651 Cantere
906 2592 1038 2653 tantum-

85 2672 172 2731 mode
204 2672 400 2742 inchoatam,
433 2679 514 2733 reete
541 2675 600 2733 diei
632 2692 692 2743 nen
721 2673 867 2749 potuisset
894 2670 931 2729 ad
957 2669 1039 2729 Anti-

86 2752 201 2830 phonae
228 2756 438 2833 symphoniam
466 2756 616 2832 psalmum
645 2754 810 2818 decantari.
843 2751 1037 2827 antiphonae

87 2837 170 2905 istae,
194 2835 257 2893 sive
273 2837 425 2897 breviores
448 2855 553 2913 preces
573 2838 611 2897 ad
627 2836 888 2915 singulespsalmi
906 2834 1039 2893 versicu-

87 2918 129 2977 los
144 2916 363 2993 repetebantur,
381 2920 540 2996 praecipue
563 2920 599 2978 ad
611 2918 790 2997 Mapeificot
804 2923 834 2976 et
844 2913 1039 2984 Benedictus:

86 2999 171 3077 idque
194 2998 284 3060 hodie
305 3000 342 3059 ad
363 3001 572 3062 Invitatorium
594 3006 746 3069 servatur,
772 3000 824 3059 uhi
847 2999 884 3058 ad
907 2995 1036 3073 singulos

86 3080 245 3143 versiculos
266 3080 374 3141 Psalmi
401 3084 502 3143 Venite
529 3082 694 3159 antiphona
722 3082 882 3157 repetitur.
916 3078 1041 3139 Amala-

87 3166 145 3224 riue
173 3164 211 3223 de
236 3165 413 3240 repetitione
438 3163 680 3240 Antiphonarum
712 3164 748 3223 ad
772 3162 904 3241 singulos
929 3161 1042 3237 psalmi

88 3246 247 3306 versiculos
269 3246 413 3307 feriarum
433 3246 551 3314 diebus,
575 3247 652 3307 haec
675 3246 768 3306 habet
782 3244 854 3321 Cap.
872 3242 902 3303 3:
929 3239 978 3302 Eae
992 3260 1038 3303 ee-

88 3329 130 3386 eir
153 3323 333 3403 Antiphoeie
359 3340 434 3405 poor
448 3328 578 3388 uicissim
594 3330 688 3392 Cleri
710 3346 765 3407 per
786 3328 914 3405 einqeloe
935 3342 1036 3387 ocreae

89 3416 229 3485 repetunt.
252 3406 359 3469 Relert
379 3410 440 3468 vita
462 3408 493 3469 S.
510 3408 623 3469 Odonis
644 3409 848 3470 Cluniaeensis
868 3408 897 3467 in
913 3406 1033 3469 Seecol.

87 3486 192 3549 Bened.
216 3490 253 3548 ad
277 3490 515 3567 protrahendum
546 3490 577 3550 S.
603 3492 725 3553 Martini
746 3489 910 3557 Officium,
945 3486 1033 3565 eujus

89 3570 269 3647 hntiphenae
291 3572 400 3635 breves
421 3579 530 3643 erant,
559 3574 693 3651 etqued
716 3573 823 3652 hyems
845 3578 945 3641 esset,
977 3586 1035 3647 qua
