2567 4042
588 132 813 235 assutiae

217 293 379 366 audiendo,
396 299 487 371 atque
501 292 566 353 aliis
581 294 619 353 ad
634 294 753 357 animae
768 294 897 357 salutem
912 294 1126 373 spectantibus,
1138 293 1177 355 ad

219 396 298 459 quae
312 372 523 451 uosCampana
538 376 636 436 souitu
652 394 706 436 suo
721 378 837 445 invitat,
851 392 992 452 expressa
1007 374 1041 439 fu
1052 374 1177 438 mentio.

260 458 315 520 Vl.
338 457 429 519 Juxta
450 454 604 519 Ecclesiae
626 475 743 519 morem
766 457 918 535 Campana
933 458 1032 519 Sancti
1047 454 1180 533 alicujus

219 542 339 603 nomine
355 539 525 616 insignitur.
543 538 684 617 Huiusce
707 540 749 599 rei
772 557 893 599 causam
909 540 1031 616 exponit
1045 538 1078 597 P.
1096 536 1179 597 Mar-

219 627 299 685 tinus
320 623 368 682 del
389 620 470 679 Rio:
495 618 612 681 Nomen
642 621 690 683 illi
709 621 745 680 in
765 619 856 680 Beati
877 620 1006 701 alieuius
1037 622 1177 681 bonorem

218 706 398 783 imponitur,
414 711 447 762 ut
469 703 550 763 illius
572 703 659 781 quusi
680 700 903 763 commendetur
926 704 1033 763 tutelae
1053 719 1105 761 uos
1121 717 1178 761 me·

222 787 366 853 tullinum,
383 783 512 845 Diuinae
541 781 640 843 leudis
655 784 899 851 instrumentum.
918 784 951 843 ln
981 783 1084 843 multis
1106 798 1177 857 quo·

220 885 278 946 que
300 865 460 941 Campanis
482 866 601 925 uomina
616 865 679 941 ipsa
704 866 795 925 incisa
817 867 957 943 leguntur
980 869 1041 925 tam
1071 862 1126 923 Dei
1140 878 1178 922 ac

219 950 368 1028 Deiparae
388 946 544 1023 Virginis,
567 963 659 1021 quarn
681 947 809 1007 aliorum
836 946 1013 1007 Sanctorum
1046 946 1076 1007 in
1099 945 1178 1005 hanc

220 1033 384 1092 verborum
407 1028 558 1088 formam:
584 1024 632 1085 Ad
654 1026 731 1098 Dei,
755 1038 782 1089 et
803 1025 913 1089 Beatus
936 1026 1056 1089 Murice
1081 1026 1180 1105 Virgi-

221 1115 268 1171 ur's
289 1114 453 1179 honorem
475 1110 522 1169 vel
538 1109 619 1169 huuc
642 1111 672 1168 in
694 1109 838 1170 modum:
864 1108 904 1169 In
918 1106 1047 1169 Nomine
1063 1107 1178 1178 Putris,

222 1204 250 1254 et
272 1190 364 1263 Filii,
389 1201 417 1250 et
439 1190 573 1269 Spiritus
598 1187 711 1251 Sancti.
737 1188 841 1253 Amen,
866 1188 914 1250 Ad
939 1192 1078 1249 honorem
1098 1188 1178 1258 Dei,

220 1292 255 1335 uc
277 1272 386 1335 Beutue
408 1270 528 1333 Murice
557 1270 708 1349 l'irpiuis,
734 1281 761 1332 et
781 1270 947 1335 Beutorum
969 1268 1176 1349 Apostolorum

144 1420 147 1426 ,
221 1353 314 1426 Petri,
339 1365 366 1416 et
388 1351 489 1422 Pauli,
520 1352 645 1415 Verbum
665 1354 744 1415 Cure
763 1355 878 1432 fuctum
900 1364 961 1413 est:
984 1358 1015 1413 et
1037 1353 1067 1413 id
1077 1369 1177 1431 genus

222 1438 301 1509 alia;
323 1436 500 1515 praesertim
528 1453 601 1496 vero
634 1436 728 1495 verba
750 1435 815 1511 ill&
829 1436 865 1495 de
886 1434 1092 1495 Incarnatione
1115 1428 1180 1495 Satss

220 1520 345 1591 valoris,
358 1524 506 1595 quatenus
520 1517 726 1577 Daemonibus
748 1516 896 1595 majorem
918 1518 947 1575 in
971 1517 1094 1577 modum
1109 1520 1180 1576 sunt

221 1600 421 1661 formidanda.
439 1597 665 1659 advertendum
687 1605 733 1657 cst
754 1596 824 1658 huic
840 1596 1043 1658 Benedictioni
1065 1615 1176 1657 nomen

222 1681 367 1761 baptismi
389 1680 535 1746 concedi,
560 1679 638 1756 quod
661 1678 782 1755 quidem
805 1680 940 1757 Ecclesia
973 1698 1032 1739 non
1055 1684 1178 1757 coopta-

219 1764 285 1831 vit,
306 1762 360 1822 sed
384 1765 499 1822 tantum
523 1779 620 1837 aequo
644 1760 745 1820 auimo
777 1762 910 1837 patitur,
936 1767 968 1822 ut
990 1760 1119 1828 aliorum
1141 1758 1178 1818 ii-

218 1844 267 1905 dei
289 1861 324 1903 ae
347 1842 528 1921 simplicitati
552 1842 713 1920 indulgeat.
738 1840 772 1901 Id
794 1848 896 1903 auteur
919 1861 957 1903 ex
979 1860 1015 1903 eo
1036 1858 1177 1919 praeser-

216 1928 272 1987 tim
298 1925 483 1996 dimanavit,
509 1923 589 2001 quod
622 1923 752 2001 populus
780 1922 810 1983 in
833 1920 1054 2002 Campauarunr
1086 1924 1179 1983 bene-

217 2009 346 2069 dictione
368 2024 479 2084 aquam
502 2006 660 2078 adhiberi,
687 2022 855 2083 nomenque
877 2006 988 2082 imponi
1005 2006 1175 2084 perspexit,

216 2096 248 2151 et
269 2088 325 2150 alia
348 2088 498 2164 quaedam
520 2088 643 2165 peragi,
667 2104 745 2163 quae
768 2088 798 2145 in
820 2087 1054 2148 administrando
1076 2086 1179 2165 bapti-

218 2190 284 2232 smo
306 2174 539 2231 consueverunt.
565 2168 712 2245 baptismi
745 2185 853 2229 nomen
886 2188 940 2246 pro
972 2168 1179 2229 benedictione

217 2251 440 2330 Campanacum
462 2252 499 2311 ab
521 2248 656 2310 Ecclesia
671 2247 799 2325 perferri
815 2250 965 2319 diximus,
983 2268 1019 2309 ne
1042 2249 1177 2311 fidelium

218 2335 393 2411 simplicitas
427 2334 592 2393 minuatur.
616 2330 770 2407 Siquidem
803 2330 832 2391 in
865 2332 960 2393 veteri
982 2330 1094 2393 Ordine
1116 2330 1174 2391 uo-

218 2433 330 2484 mauo‚
355 2412 384 2473 in
408 2410 575 2473 Pontifioali
606 2414 720 2489 pariter
748 2410 904 2483 Romano,
928 2414 1103 2490 cunctisque
1126 2412 1179 2470 Ri-

218 2497 348 2558 tnalibus
371 2494 570 2572 peculiarium
598 2494 827 2565 Ecclesiarum,
851 2512 905 2573 per
927 2494 1037 2555 Thiers
1056 2494 1122 2555 Lib.
1147 2492 1178 2555 11

221 2575 321 2639 Troct.
335 2574 380 2636 De
402 2576 668 2654 Superstitionibus
682 2570 754 2652 Cap.
769 2575 788 2635 7
811 2580 952 2637 accurato
967 2576 1067 2637 studio
1089 2574 1177 2638 colle·

219 2662 285 2730 ctis,
300 2675 451 2735 nunquam
465 2657 624 2735 baptismi,
640 2657 692 2717 sed
708 2656 927 2717 Benedictionis
950 2659 1069 2718 nomine
1090 2656 1194 2719 Cam--

219 2757 366 2818 panarum
400 2740 584 2799 consecratio
616 2742 823 2816 nuncupatur.
848 2738 983 2799 Ecclesia
1015 2755 1087 2800 vero
1121 2757 1177 2817 pro

221 2829 305 2883 certo
327 2820 441 2887 habet,
466 2838 524 2880 non
546 2821 611 2880 ideo
633 2819 805 2881 Catholicos
828 2819 1021 2889 existimare,
1046 2820 1176 2898 gratiam

221 2902 358 2972 infundi,
383 2905 540 2981 peccatum
563 2903 700 2972 remitti,
725 2901 777 2962 sed
799 2900 1019 2961 benedictionis
1041 2903 1106 2963 loco
1123 2902 1178 2961 Bn-

221 2986 366 3064 ptismum
381 2999 503 3055 vocare,
518 3000 553 3043 eo
570 3001 692 3061 prorsus
708 2983 797 3043 modo
812 3000 871 3059 quo
887 2981 1103 3044 dedicationem
1118 2983 1178 3045 Ec·

220 3068 328 3127 etesiae
349 3065 538 3143 Baptismum
561 3064 615 3125 lvo
638 3064 813 3142 appellavit:
827 3062 929 3143 Ipsum
955 3056 1115 3145 Templum,
1133 3066 1179 3125 iu·

220 3150 286 3226 quit
306 3148 404 3208 Serm.
428 3146 473 3205 De
495 3146 592 3207 Socra
606 3145 813 3213 Dedieott'oue,
829 3164 881 3206 suo
903 3145 998 3215 ruodo,
1023 3156 1050 3207 et
1072 3144 1177 3207 ordine

221 3228 418 3307 baptizemus.
436 3224 481 3286 De
496 3228 543 3287 his
559 3229 750 3288 consentiunt
763 3225 881 3297 Rusca,
899 3226 1083 3305 Theophilus
1099 3226 1165 3306 Ray

221 3310 358 3378 naudus,
383 3306 546 3387 Ducange,
570 3308 726 3378 Maurius,
751 3313 782 3368 et
804 3310 853 3368 alii
874 3308 987 3385 plures.
1174 3352 1177 3359 a

262 3390 330 3452 vll.
355 3391 578 3467 Campanarunr
601 3408 673 3452 usus
702 3392 731 3451 in
760 3388 896 3451 Ecclesia
919 3389 1065 3451 Orientali
1094 3407 1176 3469 pror·

221 3492 273 3534 sus
295 3474 415 3551 ignotus
436 3472 514 3543 iuit,
539 3474 568 3531 in
590 3490 650 3548 qua
671 3470 800 3550 populus
821 3472 972 3548 percussis
1004 3470 1112 3533 malleo
1134 3476 1175 3541 ta·

221 3554 301 3618 bulis
323 3554 427 3633 ligneis
448 3552 485 3614 ad
507 3570 612 3633 preces
643 3562 674 3617 et
694 3553 791 3616 officia
814 3554 913 3618 divina
943 3554 1100 3618 convocari
1127 3571 1176 3615 so·
1251 3619 1260 3631 ,
