2567 4042
572 199 632 262 «ss»
658 187 798 258 tulm-

208 317 377 388 Litaniam,
401 336 455 377 seu
479 317 702 379 processionem
724 317 973 396 supplicationem
991 323 1087 377 vocat.
1105 313 1171 379 Ne·

208 402 252 459 tat
279 404 434 476 practerea
466 398 626 460 Durandus
658 399 725 460 Lib.
752 399 811 461 VII
841 395 1009 460 Rationalis
1040 398 1170 458 muno·

208 497 277 540 rom
304 477 330 538 0
358 481 485 555 ciorum,
502 479 607 559 Capite
628 482 736 558 primo,
755 500 837 543 num.
852 479 893 540 20
912 487 943 543 et
965 498 1002 542 ex
1016 499 1053 541 eo
1069 477 1169 539 Evell-

208 563 257 622 Ion
272 560 302 620 in
345 563 481 640 puseulc:
500 562 544 621 Ile
559 560 801 626 Processiorsibos
815 561 1043 630 EccissIesticis‚
1060 559 1132 638 Cap.
1153 559 1169 621 I

209 641 417 703 Processiones
439 645 519 720 Ipsas
540 645 686 722 appellari
709 644 869 723 aliquando
891 647 982 706 etiam
1001 641 1183 714 Stetieecs„

209 729 331 802 sumpto
353 725 474 786 nomine
495 744 513 784 a
534 727 631 786 veteri
654 723 806 790 Ecclesiae
821 727 976 788 Romanae
999 726 1080 793 ritu,
1106 741 1169 800 quo

208 823 277 868 cum
301 805 397 868 Statio
419 808 497 884 apud
519 808 653 884 aliquam
674 808 838 870 Ecclesiam
861 809 1048 877 haberetur,
1074 822 1167 881 popu·

208 888 255 948 Ius
276 905 344 947 cnm
359 885 447 947 Clero
467 889 499 948 in
520 889 609 948 aliam
624 889 752 951 vicinam
768 890 874 952 aedem
889 889 1095 957 conveniebat,
1113 904 1172 953 ex·

211 974 335 1046 pectans
363 967 560 1039 PentiIIcem3
588 988 650 1045 quo
682 972 881 1044 adveniente,
905 972 1032 1033 solemni
1062 968 1173 1029 ordine

211 1051 279 1112 inde
301 1049 338 1110 ad
362 1051 462 1112 Iocum
485 1052 627 1112 stationis
649 1055 889 1128 procedebatur,
916 1057 949 1114 ut
970 1071 1007 1113 ex
1028 1049 1170 1130 pluribus

210 1133 284 1192 loeis
306 1132 420 1209 antiqui
443 1134 568 1194 Romani
590 1131 712 1196 Ordinis
739 1136 860 1214 planum
883 1139 950 1202 est,
974 1135 1107 1208 itemque
1128 1147 1170 1189 ex

211 1213 368 1275 Anastasi0
391 1215 420 1273 in
443 1216 504 1276 vita
527 1215 635 1276 Leonis
655 1216 753 1296 Papae
777 1217 819 1279 III
841 1235 877 1280 ex
900 1213 1043 1276 Panvinio
1067 1213 1094 1273 in
1117 1211 1170 1270 Li·

210 1294 311 1356 belle:
335 1295 372 1356 de
397 1292 580 1357 Stetiortibos
606 1295 691 1360 Urbis
712 1297 845 1366 Romae,
868 1302 899 1360 et
920 1315 958 1358 ex
980 1295 1045 1357 aliis
1076 1293 1170 1372 pluri·

212 1377 270 1437 mis
290 1377 403 1456 priscis*
419 1395 514 1456 aeque
538 1397 573 1439 ae
588 1380 807 1442 recentioribus
823 1378 1101 1441 Ecclesiasticarum
1117 1391 1167 1434 re·

212 1457 519 1536 rum'Seriptoribus.
543 1458 752 1522 Processiones
773 1462 853 1522 enim
874 1465 909 1522 ut
937 1459 1099 1537 plurimum
1122 1471 1170 1515 ce·

210 1539 403 1601 lebrabantur
425 1542 535 1602 adeas
557 1540 725 1611 Ecclesiae,
750 1544 778 1603 iu
800 1545 908 1620 quibus
931 1541 1028 1603 Statio
1050 1538 1171 1616 publica

210 1627 296 1688 erat,
319 1622 367 1682 vel
388 1623 504 1684 ratione
525 1623 604 1684 Festi
625 1623 789 1693 solemnis.
813 1625 861 1687 rel
894 1623 1031 1701 specialis
1063 1619 1172 1681 sancti·

212 1702 281 1763 tatis
302 1703 382 1774 Ioci,
406 1705 452 1785 vel
486 1704 726 1768 venerandarum
759 1723 915 1768 sacrarum
936 1703 1166 1781 Reliquiarumr

211 1784 261 1844 rel
283 1781 355 1845 alias
377 1787 532 1846 invocandi
556 1787 712 1863 patrocini
735 1788 802 1866 ejus
824 1787 947 1854 Sancti,
968 1787 998 1846 in
1012 1783 1100 1864 cujus
1115 1781 1175 1844 ho·

211 1882 318 1925 nerem
341 1864 406 1927 Dee
427 1864 580 1929 Ecclesiae
602 1867 671 1929 illae
692 1869 808 1930 dicatae
830 1871 887 1931 rite
910 1867 1043 1928 luerunt.
1073 1917 1075 1922 .

177 2000 181 2007 .
241 1944 307 2007 III.
333 1948 391 2010 Sed
413 1953 533 2011 utrem
559 1968 579 2010 a
605 1951 703 2027 prima
731 1951 846 2028 origine
877 1954 1072 2028 repetamus,
1098 1945 1171 2006 licet

213 2025 342 2090 loannes
369 2028 520 2093 Diaconus
552 2033 581 2091 in
612 2032 685 2092 vita
706 2032 736 2094 S.
766 2031 904 2111 Gregorii
936 2031 1035 2108 Papae
1066 2028 1167 2093 dicat,

212 2109 297 2171 illum
320 2110 467 2173 StatIcnes
488 2114 602 2175 Romae
622 2115 792 2182 ordinasse,
816 2114 845 2174 id
867 2129 1057 2191 nequaquam
1079 2107 1173 2170 intel·

213 2193 264 2270 ligi
286 2199 384 2270 potest
403 2195 440 2254 de
462 2195 560 2270 prIma
581 2195 700 2256 illarum
723 2196 915 2256 institutione.
939 2193 1014 2254 Nam
1036 2191 1068 2252 S.
1085 2189 1178 2272 Hssi'.

213 2293 266 2336 rus
286 2273 390 2352 Papa,
414 2275 465 2352 qui
487 2278 584 2338 multe
605 2282 675 2338 ante
696 2275 875 2356 GregerIum
896 2277 974 2337 sedil
994 2275 1029 2332 in
1047 2267 1176 2333 Pontifi-

215 2363 296 2425 catu,
320 2361 355 2417 ut
376 2357 405 2416 in
426 2354 493 2434 ejus
513 2359 574 2418 rita
597 2358 702 2418 scribit
723 2357 955 2426 AnastasIus,in
975 2354 1050 2417 Urbe
1073 2346 1175 2412 licere

216 2437 372 2499 constitnit
394 2436 628 2507 Istristcriatrr,
653 2442 706 2518 qui
727 2441 894 2501 circuirent
912 2439 1087 2498 constitutas
1102 2433 1175 2494 Sto·

213 2521 319 2579 tiones.
343 2516 399 2578 Ubi
421 2524 502 2587 neta,
519 2521 599 2596 quod
614 2521 763 2582 StatIones
777 2539 855 2598 quae
870 2520 916 2580 vel
935 2519 1022 2596 lenge
1038 2521 1106 2576 ante
1119 2513 1173 2574 IIi-

214 2599 327 2668 Iarum‚
340 2601 391 2674 qui
419 2601 499 2676 cepit
518 2598 728 2664 Pontificatum
741 2619 817 2662 anno
840 2598 975 2668 CDLXI,
989 2601 1018 2659 iu
1041 2595 1175 2658 usulue-

216 2685 285 2741 rant
297 2680 328 2742 S.
347 2681 512 2760 Gregorius
526 2684 618 2744 certis
632 2683 737 2745 diebus
752 2685 782 2743 in
797 2702 852 2744 suo
865 2678 1106 2742 Sacramentario
1121 2677 1174 2740 td-

216 2763 303 2834 dixit;
326 2770 418 2840 atque
441 2765 482 2823 ita
502 2781 573 2824 sane
595 2764 818 2841 intelligendum
840 2769 897 2834 est,
915 2763 994 2839 quod
1017 2759 1121 2823 scribit
1139 2759 1175 2820 in

216 2845 297 2907 Illius
319 2843 389 2905 Vita
405 2843 535 2906 loannes
557 2843 706 2907 Diaconus
722 2845 812 2908 Libro
834 2844 877 2905 III
899 2843 972 2920 Cap.
990 2839 1106 2908 xviri.
1120 2838 1174 2906 ubi

218 2927 261 2986 ait
276 2925 434 2991 ,ordinasse
449 2925 629 3002 GregorIum
640 2928 789 2989 Stationes
800 2944 857 3005 per
871 2922 1027 2992 Basilicas,
1040 2923 1085 2983 cei
1100 2919 1186 2998 Bett-v

217 3017 317 3069 torum
333 3006 508 3088 Martyrum
526 3007 718 3070 coemeteria.
732 3005 797 3069 Etsi
818 3012 920 3069 autem
936 3005 1025 3076 irase,
1039 3020 1074 3064 ac
1092 3009 1177 3066 ratae

217 3094 316 3150 essent
338 3091 367 3148 iu
383 3090 621 3151 sacramentario
635 3087 823 3167 Gregoriano
835 3088 988 3156 stationes,
1004 3103 1056 3148 eas
1071 3083 1172 3145 laureo

218 3172 330 3249 populo
345 3171 519 3233 denunciari
535 3189 599 3232 mes
613 3177 689 3240 erat,
703 3172 793 3247 idque
804 3169 894 3231 liebat
904 3169 942 3228 ab
953 3166 1176 3228 Archidiaeono

218 3254 249 3311 in
270 3253 390 3330 panIea
412 3253 503 3314 Ilissa
525 3251 735 3330 praecedente.
754 3249 913 3329 Postquam
936 3250 1016 3311 enim
1037 3245 1174 3308 Pontifex

220 3335 518 3406 communicaverat,
543 3332 682 3394 veniebat
707 3332 947 3396 Arciidiccoaus
981 3347 1047 3391 cum
1072 3327 1177 3390 Colice

218 3414 260 3473 ed
276 3433 372 3475 corne
386 3413 520 3488 Altaria,
537 3428 563 3476 et
576 3414 784 3474 concertabat
798 3414 976 3481 Stationem
990 3427 1069 3488 quae
1080 3407 1174 3471 verba

219 3497 360 3574 leguntur
381 3496 410 3556 in
432 3495 546 3558 Ordine
569 3497 668 3577 primo
695 3493 831 3557 Romano
847 3493 936 3574 apud
963 3492 1174 3555 Mabillonium

203 3577 317 3638 ,Temo
338 3577 471 3638 secunde
492 3575 613 3639 Mureti
634 3576 748 3639 Italici.
772 3576 952 3640 Denunoiari
981 3571 1175 3636 consuevisse
