2567 4042
621 197 847 270 &3⁰83-
950 229 954 237 ·

621 405 749 467 catur
774 406 852 467 t'tlt.

313 585 356 627 ne
378 585 542 633 rrrnrsrno
567 568 731 639 isurons,
756 585 845 639 uoco,
869 588 911 631 nr
932 585 1150 632 casneuosus.

261 697 267 705 ⁴
299 729 323 788 Ι.
348 729 472 792 Certum
495 738 525 792 et
546 734 741 794 constitutum
774 739 820 794 est
840 732 919 811 apud
942 749 1069 802 omnes,
1093 731 1198 790 ordim-

258 813 336 871 rium
360 812 452 889 liujus
474 814 661 874 sacramenti
683 816 854 875 ministrum
877 833 943 876 esse
971 815 1067 876 solum
1090 809 1200 889 Episco

256 911 342 969 pum.
367 893 459 972 ldque
481 897 624 972 probatur
651 915 689 957 ex
713 898 777 956 Act.
803 896 1004 973 Apostolicis',
1035 913 1113 971 quae
1134 891 1197 970 Cap.

257 973 331 1034 Vlll
353 982 485 1042 narrant.
509 975 631 1038 Petrum
653 986 683 1039 et
704 978 847 1040 loannem
864 975 1014 1056 proiectos
1030 976 1197 1044 Samariam,

256 1063 290 1117 ut
305 1074 357 1133 per
375 1076 516 1118 manuum
533 1061 752 1137 impositionem
769 1060 933 1136 baptizatos
955 1059 1124 1136 anilippo
1141 1057 1199 1116 llis-

256 1156 331 1198 cono
354 1138 579 1202 confirmarent.
612 1139 679 1202 Hoc
702 1141 916 1219 Apostolorum
937 1142 1077 1218 exemplo
1105 1139 1198 1200 edocta

256 1219 416 1291 Ecclesia,
451 1223 523 1282 solis
545 1220 725 1300 Episcopis,
750 1223 965 1300 Apostolorum
988 1225 1017 1281 in
1039 1220 1208 1299 Episcopali'

256 1303 399 1378 dignitate
421 1321 455 1363 sc
477 1304 572 1380 gradu
594 1305 833 1368 suecessoribus,
856 1302 904 1382 Jus
926 1306 1113 1366 ordinarium
1134 1302 1199 1362 Cou-

256 1382 434 1444 firmationis
455 1385 656 1446 conterendae
679 1385 865 1456 reservavit,
894 1389 972 1464 quod
998 1385 1122 1462 quidem
1145 1403 1198 1462 per·

257 1473 348 1542 petua
362 1472 392 1526 ct
414 1485 560 1543 nusquam
577 1470 744 1544 interrupta
767 1466 953 1529 demonstrat
968 1466 1120 1528 Ecclesiae
1142 1484 1200 1544 pra·

256 1549 302 1605 xis
324 1566 358 1606 ac
373 1547 516 1608 Traditio.
541 1547 579 1608 Et
601 1566 634 1610 re
657 1549 778 1624 qrridem
801 1567 872 1610 vera
894 1549 924 1610 S.
942 1549 1113 1628 Cyprianus
1138 1545 1200 1628 Epi·

255 1629 330 1688 rtolo
356 1629 397 1688 73
428 1631 465 1689 arl
496 1629 680 1708 lubajanum
710 1632 866 1691 scribens:
901 1625 937 1691 Ut
969 1634 1022 1710 qui
1052 1632 1200 1712 baptizen-
1254 1645 1255 1684 t

258 1719 332 1777 tur,
357 1710 538 1788 Praepositis
565 1711 712 1773 Ecclesiae
743 1713 843 1792 (idest
873 1709 1051 1792 Episcopis)
1081 1712 1200 1793 offerren-
1254 1743 1255 1748 κ

255 1802 331 1858 tor,
354 1803 387 1849 nt
412 1811 469 1868 per
489 1806 625 1854 nostram
645 1796 834 1861 orationem,
863 1805 889 1854 et
911 1811 1019 1854 mones
1045 1796 1198 1872 impositio-

254 1889 323 1930 rtem
348 1870 496 1949 Spiritum
520 1876 664 1937 Sanctum
688 1886 916 1954 consequentum
938 1886 964 1935 et
985 1877 1141 1954 sipnecelo
1162 1873 1200 1932 do·
1254 1881 1255 1884 ’

254 1955 363 2014 minuo
385 1967 636 2016 consummentur·
650 1956 887 2035 Chrysostomus
903 1959 929 2015 in
945 1955 1102 2034 Cupvlll
1119 1958 1200 2017 Acto-

255 2054 335 2098 rum.
360 2035 423 2096 Hoc
445 2048 510 2098 eret
530 2039 565 2097 in
585 2036 730 2117 Apostolir
752 2039 921 2116 sinpularo:
943 2038 1022 2097 unde
1045 2049 1072 2100 et
1090 2037 1201 2116 proeci-

249 2134 328 2194 puos
351 2127 377 2178 et
399 2137 460 2178 non
480 2121 555 2178 otios
576 2119 710 2180 eiciemus
737 2120 789 2178 boe
810 2120 918 2197 locere.
942 2117 973 2179 S.
998 2117 1199 2200 Hieronymus

253 2199 398 2261 adversus
420 2201 623 2261 luciferianos
645 2202 709 2260 ait:
732 2201 809 2262 berte
832 2218 889 2262 esse
910 2197 1120 2262 Ecclesierum
1145 2217 1199 2260 con·

253 2281 458 2346 suetudinem.
483 2291 518 2342 ut
540 2281 680 2362 Episcopi
701 2292 869 2343 excurrunt
891 2281 931 2340 orl
953 2301 1000 2344 eor
1023 2283 1133 2362 quiin
1153 2284 1200 2344 mi·

253 2363 377 2422 noribut
397 2363 518 2422 urbibru
532 2374 601 2423 runt
622 2365 780 2440 baptizati,
804 2375 838 2424 ut
855 2363 894 2422 cir
910 2382 1017 2426 monus
1037 2367 1197 2446 imponent.

254 2443 286 2503 ld
308 2446 400 2504 etiam
422 2446 526 2521 quovis
541 2446 661 2506 saeculo
683 2446 808 2505 Romani
824 2442 981 2506 Pontifices
1004 2448 1104 2508 testati
1127 2449 1196 2508 sunt.

252 2522 410 2587 Cornelius
431 2527 513 2586 enim
527 2525 625 2603 Papa,
652 2527 748 2587 medio
770 2527 890 2588 saeculo
905 2528 994 2588 tertio
1010 2527 1146 2606 Epistola
1165 2525 1199 2586 orl

252 2602 422 2667 Fabianum
443 2605 669 2676 Antiochenam,
686 2609 765 2685 apud
783 2609 946 2670 Eusebium
963 2608 1030 2668 Lib.
1046 2609 1088 2668 Vl
1105 2605 1198 2670 Histo-
1254 2623 1256 2710 p

254 2687 318 2746 riae
341 2686 565 2750 Ecclesiasticue
585 2687 660 2768 Cap.
686 2689 726 2748 tit
746 2689 783 2751 de
804 2687 996 2758 Noratiano,
1020 2693 1072 2766 qui
1093 2689 1198 2752 Conbr-
1255 2711 1256 2754 ff

252 2769 415 2830 mationem
428 2772 654 2847 aspernabatur:
674 2767 787 2849 Neque,
803 2773 908 2848 inquit,
926 2772 961 2831 ob
978 2770 1123 2852 Episcopo
1136 2790 1198 2832 con·

251 2851 384 2928 signatus
411 2856 466 2912 est.
500 2849 565 2912 Hoc
586 2859 685 2912 eutem
713 2854 864 2931 opusculo
893 2854 1014 2916 minime
1041 2865 1195 2934 percepto,

252 2951 311 3012 quo
332 2931 451 2992 tandem
472 2932 556 2992 modo
581 2933 735 3011 Spiritum
759 2933 905 2998 Mucium
930 2937 1032 3014 potuit
1056 2937 1195 3014 orecipere.

252 3013 441 3075 lonoceutius
456 3012 601 3076 lsaeculo
614 3014 641 3075 V
652 3016 766 3078 cumin
783 3015 900 3076 Diocesi
913 3015 1072 3094 Eugubina
1083 3017 1195 3094 quidam

250 3093 423 3173 Presbyteri
447 3096 474 3156 id
490 3095 544 3156 sibi
566 3099 700 3158 muueris
723 3103 910 3174 arrogarent,
936 3095 1071 3176 Epistola
1091 3099 1132 3160 od
1147 3099 1197 3159 ba-

235 3179 384 3236 sentium
407 3177 601 3256 Eupubiuum
617 3177 804 3258 Episcopum,
828 3179 899 3256 Cap.
914 3178 934 3238 3
951 3182 990 3238 ita
1012 3183 1138 3242 scribit:
1159 3179 1196 3250 De

247 3258 460 3335 consipoondis
482 3276 552 3318 otro
572 3259 764 3336 insentibus,
799 3262 988 3340 menifestum
1010 3271 1061 3331 est,
1085 3281 1145 3322 non
1165 3262 1195 3319 eb

236 3339 325 3407 elio,
344 3358 436 3416 quom
457 3342 493 3406 ob
515 3338 659 3421 Episcopo
680 3341 747 3420 pieri
768 3342 867 3404 licere.
892 3343 922 3404 S.
938 3341 998 3402 Leo
1015 3341 1147 3421 Epistola
1159 3340 1194 3400 88

251 3419 304 3479 ubi
325 3419 449 3495 loquens
471 3421 507 3480 rle
530 3421 634 3482 ciliciis
656 3421 958 3502 Cborepiscoporum,
983 3425 1033 3494 ait,
1049 3425 1119 3504 ipsis
1141 3439 1193 3484 uon

29 3493 56 3544 *s
250 3503 337 3561 licere
356 3520 409 3559 nec
423 3504 535 3577 eripere
550 3505 674 3573 ultorio,
691 3523 742 3562 uec
754 3522 812 3580 per
827 3505 1041 3584 impositionem
1058 3524 1192 3566 manuum

252 3580 390 3668 fidelibus
415 3582 601 3659 baptizans,-
628 3586 817 3662 perocletum
844 3587 993 3666 Spiritum
1019 3585 1114 3656 dore,
1146 3603 1192 3644 neo

29 3229 45 3260 ι
