2567 4042
625 139 857 249 &eecce

271 307 409 384 congruit
423 306 522 367 lecobi
537 306 649 375 verbis,
672 315 705 368 et
718 318 801 367 orent
815 303 1013 386 'lP'resbqteril
1034 323 1118 386 super
1130 323 1202 374 coar,

271 398 413 465 nnqcntes
435 407 501 447 curn
517 387 579 448 oleo
595 433 602 447 .
619 433 625 446 .
642 431 649 446 .
667 400 695 450 et
715 391 815 449 oratio
830 389 900 470 fidei
914 390 1039 448 salvabit
1052 387 1203 468 infirmnm.

270 470 420 532 Currere
442 471 500 529 hoc
518 469 747 533 Sacramentum
771 489 842 550 pree
864 471 974 530 ceteris
990 470 1124 529 omnibus
1149 485 1206 542 pre-

271 554 416 612 catoriam
439 553 549 612 hebeat
563 553 811 614 lormnmverics
832 555 963 613 rationes
985 553 1075 612 allent
1094 549 1123 610 S.
1138 549 1205 608 Tho-

268 653 335 694 mas
357 635 386 692 in
409 633 453 694 lV
474 633 710 705 Sententiarum,
733 634 915 708 Quaestione
936 631 1138 708 1l,Articulo
1160 627 1204 698 lv,

270 716 494 794 quaestiuncula
517 716 571 777 lll:
596 715 702 777 Primo
724 727 787 786 cst,
812 720 885 796 quio
910 717 1069 794 suscipiens
1093 716 1141 773 noc
1157 713 1209 774 ‘Sc-

271 807 471 866 crumentum,
495 811 535 858 est
556 800 683 859 eiridus*
690 801 826 878 propriis
849 799 1018 866 destitutus,
1040 796 1117 856 unde
1136 793 1208 855 indi-

270 891 318 959 qet
340 881 524 940 orationibus
544 882 706 942 subleuari.
733 879 868 942 Secundo
885 890 936 949 est,
962 882 1035 958 quio
1052 879 1141 938 detur
1163 893 1207 934 cc·

271 962 414 1029 euntibus,
439 963 492 1039 qui
501 966 568 1043 jem
591 961 732 1022 desinunt
753 961 788 1022 de
803 959 878 1022 Foro
890 961 1036 1022 Ecclesiae
1053 979 1119 1026 csse,
1142 961 1208 1018 etin

269 1046 358 1103 sotius
380 1042 437 1101 Dei
458 1062 551 1102 monn
565 1048 767 1123 requiescunt,
791 1045 870 1104 unde
893 1055 920 1104 et
942 1046 969 1103 ei
985 1041 1209 1121 perorationem

270 1123 629 1186 connerinensem
651 1128 773 1203 insuper
786 1127 992 1202 deprecatoria
1007 1123 1153 1202 siguificat
1166 1139 1209 1181 ne-

272 1207 442 1267 cessitatem
465 1205 564 1268 Divini
586 1209 690 1268 arixilii
712 1209 749 1268 ad
764 1209 965 1268 roborandum
985 1205 1140 1266 infirmum
1156 1221 1210 1263 con·

270 1296 317 1349 tra
338 1289 513 1364 languorem
536 1309 573 1352 ex
595 1291 725 1368 peccetis
740 1291 929 1368 praeteritis,
953 1295 984 1348 et
1005 1287 1154 1366 praesenti
1175 1287 1211 1343 in-

270 1369 413 1430 firmitate
437 1371 587 1437 relictum,
604 1380 635 1434 et
656 1373 693 1432 ad
715 1373 895 1448 superandas
917 1371 1070 1431 daemonis
1087 1368 1210 1430 tentatio·

270 1469 348 1522 nes,
372 1452 505 1529 quibus,
529 1456 600 1531 quia
629 1461 693 1513 tum
716 1453 798 1515 ridet
824 1455 905 1530 quod
928 1455 1079 1512 modicum
1102 1457 1209 1526 tempus

269 1534 379 1597 hebet,
403 1537 503 1595 scrius
525 1535 679 1596 hominem
701 1535 877 1596 insectatur.

310 1613 394 1675 Vlll.
418 1615 603 1679 Sacramenti
618 1615 778 1679 Extremae
796 1615 947 1678 Unctionis
970 1616 1122 1676 ministros
1142 1611 1209 1672 solos

271 1715 337 1758 esse
359 1695 559 1768 Sacerdotes,
584 1707 686 1760 contra
708 1696 896 1768 limitores,
920 1696 1055 1760 definivit
1076 1693 1209 1757 Tridenti

230 1788 233 1795 ’
269 1797 355 1838 num.
386 1776 484 1838 Posito
504 1780 592 1858 jem,
616 1781 707 1860 hujus
728 1781 912 1842 Sacramenti
936 1779 1209 1840 administrationem

271 1859 341 1921 solis
362 1877 429 1922 esse
450 1865 641 1922 commissam
665 1863 891 1932 Sacerdotium,
915 1863 1052 1922 dubitare
1073 1861 1142 1936 quis
1157 1871 1210 1933 poc·

270 1949 341 2012 set,
372 1961 444 2002 num
472 1946 509 2005 ed
532 1945 603 2004 illud
626 1945 723 2005 valide
745 1943 962 2022 conficiendum
981 1962 1058 2004 unus
1079 1941 1207 2003 sufficiat.

270 2043 308 2086 an
330 2024 432 2102 plures
454 2028 647 2102 requirentur
669 2025 850 2107 Presbyteri.
875 2027 1033 2086 Rationem
1066 2017 1207 2084 dubitand'

269 2107 415 2184 praebent
436 2108 529 2166 verba
544 2104 792 2184 Apostoti'lacobi
815 2109 938 2188 ejentis:
963 2108 1142 2188 infirmatur
1157 2101 1208 2182 quit

269 2191 304 2247 in
317 2187 418 2248 nodis?
440 2186 567 2249 lndneot
590 2188 780 2270 Presbyter-os
805 2190 959 2259 Ecclesiae,
984 2199 1009 2248 et
1025 2198 1112 2247 orent
1134 2199 1209 2264 supet

272 2288 348 2337 eum,
371 2280 511 2346 unqentes
533 2290 600 2330 curn
621 2273 682 2330 oleo
703 2273 874 2334 innomine
896 2271 1028 2331 Domini.
1053 2271 1093 2330 nt
1107 2265 1209 2328 nihilo·

270 2352 372 2410 minus
387 2350 513 2412 llrmiter
535 2354 696 2414 tenendum
712 2360 769 2423 est,
793 2371 954 2432 perunum
978 2357 1095 2412 tantum
1120 2350 1209 2410 Sacer·

272 2434 372 2492 dotem
395 2433 492 2492 valide
515 2433 740 2496 Sacramentum
763 2436 894 2496 confici:
919 2437 999 2511 qnod
1031 2435 1073 2494 et
1090 2428 1208 2494 delinivit

270 2513 441 2575 Alexander
455 2514 499 2575 Ill
521 2516 549 2574 in
570 2513 643 2593 Cap.
662 2515 826 2592 Quaesivit:
848 2517 881 2576 de
896 2518 1051 2578 nerborrnn
1073 2511 1207 2593 siqnifico·

269 2597 374 2654 tione:
398 2595 546 2672 hodieque
568 2601 671 2676 vigens
694 2601 723 2659 in
745 2599 878 2660 Ecclesia
893 2599 998 2658 Latina
1021 2615 1093 2658 usus
1116 2590 1207 2656 confir-

188 2727 191 2731 ,
270 2682 343 2736 mat.
367 2675 473 2753 Neque
489 2678 680 2756 refragantur
695 2683 788 2742 verba
811 2682 842 2742 S.
859 2680 971 2747 lacobi,
996 2682 1046 2758 qui
1063 2679 1138 2737 dixit
1151 2673 1206 2735 Pre-

270 2761 400 2837 sbyteros
421 2757 583 2829 Ecclesiae·
597 2761 775 2842 significavit
797 2765 875 2825 enim
892 2762 1021 2838 aliquem
1046 2777 1083 2820 ex
1098 2755 1206 2830 Presby-

270 2842 342 2901 teris
357 2841 520 2903 Ecclesiae:
540 2860 653 2903 novum
676 2846 786 2923 quippe
803 2863 860 2904 non
876 2851 931 2909 est,
945 2845 973 2902 in
990 2844 1083 2903 sacris
1099 2837 1204 2900 Litteris

270 2940 432 2982 numerum
455 2923 601 3000 pluralem
625 2927 695 3002 poni
718 2946 772 3002 pro
788 2927 942 3002 singulari,
967 2919 1203 3001 quemadmodum

270 3005 398 3064 advertit
420 3003 604 3080 Augustinus
626 3006 692 3066 Lib.
709 3007 753 3068 lll
776 3008 819 3068 De
844 3007 997 3070 consenso
1014 3003 1204 3082 Eoonqetisto·

268 3103 338 3145 rum
359 3083 431 3162 Cap.
458 3085 508 3145 16.
531 3084 609 3164 Opp.
634 3088 744 3151 tom.2
765 3089 898 3167 parm,
924 3087 1012 3165 cujus
1039 3085 1200 3147 auctoritate

182 3223 184 3227 ,
269 3166 364 3227 fretus
386 3167 417 3227 S.
435 3167 566 3226 Thomas
588 3169 655 3228 Lib.
673 3168 716 3228 lv
737 3181 843 3230 eontra
867 3169 976 3232 Gentes
997 3169 1070 3245 Cap.
1087 3164 1127 3228 73
1147 3161 1202 3223 scri·

267 3250 350 3326 psit:
374 3247 497 3308 locotus
518 3249 614 3309 dicit:
638 3250 769 3314 inducat
791 3251 978 3331 Presbyteros
1002 3249 1162 3310 Ecclesiae,
1181 3248 1201 3299 tl

270 3330 367 3387 oratio
388 3329 456 3409 fidei
470 3331 762 3412 sanctitinfirmom.
790 3331 824 3392 Si
839 3341 937 3392 tamen
951 3351 1030 3392 nnsis
1052 3334 1130 3392 sotus
1145 3324 1199 3385 Pre-

270 3409 364 3486 sbyter
378 3410 473 3480 adsit,
496 3413 678 3490 intelliqitnr
698 3415 750 3474 doe
774 3415 1002 3477 Sacramentum
1024 3415 1159 3495 perficere
1175 3407 1200 3463 lt

270 3490 379 3549 uirtute
395 3495 482 3550 totins
503 3492 660 3564 Ecclesiae,
685 3501 771 3578 cnjus
787 3495 928 3558 Minister
950 3497 1066 3564 existit,
1092 3505 1118 3554 et
1132 3490 1197 3568 eujus

267 3587 425 3649 personam
447 3578 535 3650 perit.
559 3575 617 3637 Sed
650 3595 822 3657 quenquam
855 3597 933 3640 unus
960 3583 1042 3640 certe
1063 3573 1195 3638 sufficiet,
