2567 4042
616 197 843 271 Ἣθθῢι·

252 330 390 410 quamvis
413 347 460 397 ea,
484 345 560 404 quae
583 327 711 405 psalmos
733 345 839 391 omnes
861 328 969 389 llaridi
982 327 1098 394 tribuit,
1120 345 1195 388 com·

252 415 372 476 munior
392 418 433 474 et*
446 412 539 488 magis
561 416 683 488 recepta
704 411 753 470 sit.

292 496 333 556 ll.
356 492 501 566 Quamvis
522 498 623 553 autern
645 493 840 554 verisimilius
861 492 968 570 psalmi
981 492 1019 552 ab
1033 488 1139 559 Eadm,
1154 489 1196 551 rel

251 576 310 638 alio
325 574 486 638 collectore
507 575 643 650 dispositi
664 576 724 636 sint
745 593 783 637 eo
804 576 910 636 ordine
930 592 992 649 quo
1012 580 1082 633 suot
1102 574 1198 634 inreo·

251 662 296 731 ti,
320 676 379 718 non
401 666 501 718 tamen
523 657 755 718 existimandum
777 663 849 724 est,
873 656 954 732 quod
976 657 1053 716 baec
1074 655 1197 714 inreutio

250 748 281 804 et
304 741 438 800 collectio
462 756 583 813 prorsus
607 739 700 799 luerit
720 741 857 807 casualis,
872 738 925 797 sed
947 738 1049 797 divina
1071 738 1114 798 sic
1127 737 1199 797 ordi-

251 829 338 882 nante
355 819 540 898 providentia
557 819 634 880 laeta
649 825 707 881 est.
725 820 809 881 Unde
823 820 855 881 S.
865 821 1050 897 Augustinus
1065 821 1095 878 in
1108 816 1201 878 Enor-

251 906 368 966 ratr'onc
391 905 419 962 in
436 901 587 960 Psalmum
606 902 665 962 150
679 905 732 962 ait:
748 901 830 962 Ordo
850 905 1036 982 psalmorum
1058 901 1131 960 mibi
1145 917 1200 959 mu·

251 989 303 1065 qni
323 984 505 1045 sacramenti
526 983 646 1044 videtur
662 985 812 1044 continere
826 987 980 1046 accretnmss
1006 985 1046 1043 Et
1067 982 1099 1042 S.
1123 982 1197 1042 loan-

252 1085 304 1128 nes
318 1065 550 1143 Chrysostomus
566 1067 717 1131 observat,
732 1068 876 1127 tristiores
892 1065 1022 1144 psalmos
1034 1064 1097 1125 lere
1112 1065 1199 1142 primo

254 1149 358 1209 ordine
380 1147 561 1214 collocatos;
588 1148 727 1208 laetiores
748 1153 780 1208 et
801 1150 853 1224 qui
876 1148 997 1208 laudern
1019 1152 1148 1217 sonant,
1169 1145 1202 1204 ad

251 1229 340 1292 linem
365 1236 533 1289 reservatos
556 1247 637 1297 esse,
663 1234 697 1288 ut
718 1230 870 1290 laboribus
891 1229 1107 1304 doloribusque
1128 1229 1200 1288 exci-

253 1319 332 1374 tatus
355 1312 472 1372 aninrus
494 1312 522 1370 in
541 1309 593 1370 llei
617 1312 731 1380 laudes,
755 1313 846 1387 inque
869 1313 968 1389 ipsum
983 1311 1110 1370 alleluia
1130 1310 1200 1370 desi-

252 1399 349 1461 neret,
366 1394 465 1468 ibique
479 1392 557 1452 iacto
569 1392 629 1456 tine
640 1395 875 1469 conquiesceret.
893 1393 1098 1453 bellarminus
1115 1390 1200 1451 Pror-

251 1478 328 1555 sotio
342 1477 377 1533 in
387 1477 519 1555 psalmos
535 1494 591 1534 non
612 1477 861 1536 contemnendam
884 1481 987 1536 censet
1009 1472 1131 1534 illorum
1144 1475 1200 1551 opi·

253 1560 384 1620 aionem.
409 1559 461 1632 qui
476 1557 581 1616 volunt
595 1559 709 1634 primos
730 1559 946 1633 quinquaginta
967 1557 1111 1634 psalmos,
1135 1574 1201 1632 quo-

251 1659 321 1702 rum
345 1639 467 1700 ultimus
489 1638 601 1715 incipit,
626 1638 767 1700 Miserere
791 1643 847 1699 mei
869 1639 970 1703 Deos,
996 1638 1199 1715 pertinerem

252 1723 456 1800 poenitentes,
472 1721 535 1782 sire
550 1721 747 1796 incipientes:
772 1720 883 1781 alteros
902 1721 1134 1798 quinquaginta,
1154 1720 1200 1795 qui

250 1804 392 1864 desinunt
414 1802 442 1859 in
465 1803 624 1877 psalmum,
650 1801 893 1863 Misericordiam
915 1811 943 1860 ct
964 1801 1117 1861 iodicium
1135 1819 1201 1862 con·

236 1886 320 1946 tabo
335 1884 388 1943 tibi
408 1881 543 1953 Domine,
569 1885 721 1960 pertinere
741 1885 781 1944 ad
802 1885 895 1944 iustos
918 1881 1111 1961 proficientes
1125 1903 1134 1942 r
1149 1901 1200 1959 po

253 1973 382 2030 eleemos
396 1965 621 2042 quinquaginta,
646 1985 723 2042 quos
736 1966 887 2027 concludit
902 1966 1047 2042 psalmus,
1072 1961 1200 2026 Laetare

253 2048 419 2109 Dnminum
433 2048 466 2103 in
481 2049 592 2108 sanctis
608 2050 681 2127 ojus,
705 2049 856 2124 pertinere
870 2048 906 2108 ad
923 2049 1004 2122 viros
1019 2064 1201 2108 eonsumma-

254 2137 298 2190 tos
314 2137 345 2190 et
359 2128 520 2206 periectos.
545 2128 673 2190 Matrica
689 2130 820 2206 psalmos
834 2131 1018 2205 compositos
1032 2148 1112 2198 esse,
1127 2147 1199 2189 cnm-

254 2212 352 2272 munis
374 2217 421 2270 est
442 2213 534 2271 etiam
557 2212 656 2287 opinio
690 2211 742 2272 SS.
766 2211 903 2271 Petrum.
938 2208 1001 2270 lam
1021 2209 1198 2291 Synagoga,

253 2311 345 2370 quam
365 2293 501 2354 Ecclesia
522 2291 632 2352 Christi
655 2294 693 2353 ab
707 2294 920 2371 antiquissimis
943 2293 1128 2368 temporibus
1147 2310 1200 2351 uon

253 2375 375 2453 plures,
399 2392 488 2452 qnam
514 2374 572 2436 150
594 2376 726 2451 psalmos
745 2378 796 2451 qui
818 2376 848 2434 in
869 2380 971 2434 nostra
994 2373 1124 2453 Vulgata
1152 2393 1201 2435 ex·
1252 2394 1253 2431 3

253 2462 326 2525 tant,
351 2473 404 2532 pro
419 2454 575 2516 Canonicis
597 2458 729 2534 agnovit.
754 2456 820 2518 Non
843 2455 955 2518 multos
977 2455 1131 2528 duntaxat,
1152 2455 1201 2518 sed
1252 2490 1253 2529 3

253 2555 358 2598 omnes
388 2539 509 2598 omnino
539 2537 669 2614 psalmos
700 2538 736 2596 ad
759 2538 863 2600 lesum
881 2535 1007 2614 ejusque
1042 2537 1200 2599 Ecclesiam

253 2619 412 2680 eollineare
434 2618 482 2679 vel
504 2619 533 2678 in
555 2637 646 2680 sensu
669 2620 798 2689 literali,
823 2620 870 2680 vel
894 2622 924 2676 in
945 2637 1036 2681 sensu
1057 2620 1201 2698 spirituali

253 2717 307 2762 sen
329 2698 479 2776 figurato,
508 2703 692 2778 gravissimis
714 2703 818 2763 nititur
846 2701 995 2762 rationum
1020 2703 1197 2770 momentis,

170 2854 184 2868 „
253 2781 388 2844 scilieet:
412 2782 513 2842 Primo
535 2785 699 2844 assertione
721 2784 813 2863 ipsius
828 2781 950 2843 Davidis
970 2785 1057 2860 quasi
1073 2803 1200 2845 commu·

253 2881 322 2926 uem
344 2866 380 2924 ad
397 2866 528 2940 psalmos
542 2864 759 2939 praelationem
774 2867 934 2928 asserentis
956 2865 1003 2925 his
1019 2868 1135 2928 verbis:
1151 2866 1199 2926 n·-

253 2948 303 3006 arr't
319 2945 420 3007 Dauid
435 2946 515 3026 filins
536 2946 600 3008 lsai
618 2967 624 3005 :
649 2947 733 3009 dixit
745 2948 809 3018 cir,
837 2949 889 3008 cni
903 2949 1097 3010 consitutum
1115 2957 1154 3009 ert
1169 2946 1197 3006 dc

257 3029 386 3092 Christo.
411 3028 548 3089 Secundo
569 3028 654 3090 lesus
667 3029 806 3092 Christus
826 3035 858 3090 et
871 3029 1007 3108 Apostoli
1028 3032 1155 3108 psalmos
1174 3029 1198 3086 in

252 3109 328 3170 Nori
350 3110 535 3172 Testamenti
568 3111 653 3182 libris
673 3131 732 3172 non
754 3114 812 3173 alia
845 3112 883 3172 de
904 3128 995 3172 eausa
1027 3111 1196 3174 totiesalle·

253 3198 333 3269 gant,
359 3192 412 3252 uisi
430 3197 463 3253 ut
477 3210 529 3254 eos
550 3192 719 3254 deChristo
739 3195 928 3273 accipiendos
950 3211 1017 3254 esse
1038 3194 1195 3255 ostendant.

254 3274 356 3336 Tertio
386 3273 438 3334 SS.
473 3273 577 3336 Patres
607 3276 734 3351 legitimi
764 3276 798 3337 S.
827 3275 999 3354 Scripturas
1029 3277 1194 3355 interpretes

252 3356 382 3418 eundem
405 3356 590 3430 psalmorum
613 3373 816 3434 scopumesse
838 3358 998 3418 affirmant.
1023 3356 1055 3417 Si
1076 3359 1197 3436 quisau·

253 3441 316 3498 tem
337 3437 373 3496 ad
389 3437 571 3514 dispicienda
587 3439 703 3516 singula
724 3441 859 3502 animum
874 3441 1082 3514 applicaverit,
1105 3439 1195 3501 statim

253 3517 292 3576 ob
314 3519 416 3578 oeulos
440 3520 638 3590 observabit,
670 3522 701 3581 in
727 3522 846 3583 Psalmo
866 3521 937 3582 Clll
958 3539 987 3579 v.
1011 3521 1032 3581 3
1052 3527 1195 3584 aeternam

254 3597 348 3660 Verbi
370 3603 592 3676 generationem
614 3622 673 3664 non
691 3605 818 3668 obscure
834 3605 881 3666 his
895 3604 996 3666 serbis
1017 3621 1192 3683 expressam:
