2567 4042
616 204 840 279 wimm-

141 351 153 361 ‘
256 339 506 400 teoburnenorum
531 337 669 411 gradum,
692 353 746 396 seu
769 337 907 404 classem,
931 331 1214 410 qniuennueoten-

253 426 299 481 tes
321 418 521 488 dicebantur,
546 417 623 492 quod
647 419 676 476 in
697 417 831 495 Templis
852 434 949 496 genua
970 415 1155 483 flecterent,
1182 421 1214 474 et

253 517 346 580 super
367 501 477 575 quibus
506 497 672 576 genuflexis
699 507 731 560 et
751 517 858 559 manus
879 499 991 576 pluries
1012 498 1211 575 imponeban-
1267 500 1272 559 i

253 589 314 651 tur,
338 590 368 642 et
390 581 550 651 orationes,
568 587 661 656 atque
682 582 842 641 exorcismi
864 578 1106 657 proterebantur.
1120 577 1213 637 Ritus

193 697 199 704 ·
253 660 387 740 iusuper,
411 669 445 723 ut
467 663 608 722 nimirum
633 668 701 740 post
722 667 880 738 acceptum
903 663 962 729 sal,
981 667 1034 722 rter
1054 659 1210 720 Catecbu·

252 746 333 806 meni
355 749 451 814 orent,
468 749 514 803 ter
536 745 701 822 signentur,
720 750 766 804 ter
782 744 970 803 Dominicam
992 743 1118 804 reddant
1128 741 1209 801 Ora·

253 827 377 896 tionem,
392 830 438 885 ter
453 842 559 885 manns
575 825 795 904 impositionem
809 825 964 902 accipiant,
978 831 1010 884 et
1024 841 1116 901 super
1126 824 1212 900 ipsos

252 907 410 969 exorcismi
444 913 475 967 et
500 908 651 967 orationes
672 907 839 977 dieantur,
863 908 892 967 in
924 907 1069 968 bonorem
1092 907 1210 966 scilicet

253 989 462 1050 Sanctissimae
485 987 665 1057 Trinitatis,
688 987 777 1066 cujus
799 987 925 1052 Divinae
946 987 1093 1048 Personae
1114 1002 1208 1064 saepe

253 1089 288 1130 ae
310 1071 485 1131 nominatim
516 1071 544 1129 in
561 1070 637 1148 ‘ipsis
660 1071 844 1130 orationibus
875 1077 907 1131 et
926 1070 1103 1130 exorcismis
1123 1070 1209 1128 invo

252 1151 371 1223 cantur,
396 1151 432 1210 ad
454 1152 664 1230 expellendum
688 1169 795 1228 nempe
819 1151 983 1221 diabolum,
1001 1153 1053 1228 qui
1076 1168 1131 1228 per
1145 1151 1208 1210 ori·
1265 1212 1269 1225 ,

135 1256 139 1265 ·
253 1234 351 1310 ginale
367 1240 522 1312 peecatum
546 1233 645 1294 adbuc
661 1232 894 1295 Catecbumenis
908 1233 1089 1302 dominatum
1106 1231 1205 1298 reteri

254 1313 374 1392 quidem
398 1315 568 1389 disciplinae
590 1317 722 1375 concinit
748 1333 783 1375 ac
812 1315 919 1393 priscis
939 1314 1204 1376 sacramentorum

252 1397 363 1457 libris.
378 1395 436 1455 Vix
459 1393 583 1456 Electus
606 1399 634 1455 in
651 1397 813 1474 Templum
835 1397 997 1474 ingressus,
1014 1396 1204 1473 procumbat,

251 1495 305 1538 seu
328 1483 499 1556 prosternat
519 1481 551 1537 s'e
573 1479 613 1536 in'
626 1478 812 1556 parimento,
836 1484 868 1538 et
881 1477 1000 1548 adoret,
1016 1480 1128 1554 gratias
1145 1478 1206 1536 sci·

251 1559 322 1620 licet
343 1558 407 1619 lieo
429 1577 542 1636 agens,
566 1560 646 1634 quod
669 1560 776 1638 dignus
798 1561 917 1620 tandem
938 1560 1065 1620 allectus
1086 1560 1146 1628 sit,
1171 1562 1205 1618 ut

250 1640 383 1701 Domum
407 1641 462 1700 Dei
486 1641 714 1717 ingrederetur:
738 1642 846 1702 deinde
866 1641 984 1716 surgit,
1007 1647 1044 1705 et¹
1059 1639 1204 1702 Sacerdos

253 1722 379 1798 imponit
400 1739 525 1782 manum
547 1740 639 1800 super
661 1730 751 1798 caput
772 1722 848 1800 ejus,
865 1727 897 1782 et
910 1719 1034 1782 Electus
1054 1719 1203 1782 Catecbu·

253 1820 373 1864 menus.
391 1803 503 1863 scilicet
523 1821 593 1863 mox
618 1804 824 1880 baptizandus,
841 1821 915 1864 cum
931 1821 968 1863 eo
991 1804 1097 1864 recitat
1117 1803 1205 1882 Sym·

250 1885 352 1944 bolum
367 1883 575 1961 Apostolorum
599 1890 631 1945 et
652 1885 828 1946 Orationem
842 1885 1043 1944 Dominicam.
1057 1885 1203 1946 Constans

249 1967 371 2042 quidem
394 1983 514 2042 semper
536 1965 593 2028 luit
616 1968 690 2028 haec
712 1969 743 2027 in
765 1974 894 2044 utraque
915 1965 1052 2026 Ecclesia
1073 1964 1202 2042 discipli-

248 2065 307 2117 na,
333 2054 366 2109 ut
388 2048 699 2125 Baptismo·==initiandi
721 2051 898 2110 memoriter
925 2049 1077 2108 discerent
1096 2067 1132 2107 ac
1155 2064 1203 2105 re·

248 2129 376 2190 citarent
404 2127 582 2208 Symbolum
607 2129 717 2200 Fidei,
744 2137 777 2191 et
800 2129 975 2191 Orationem
998 2127 1199 2189 Dominicam.

245 2210 422 2289 Symbolum
452 2210 532 2269 enim
554 2219 600 2273 est
622 2220 826 2278 cunctorum,
849 2211 1077 2288 quaedicimus
1100 2226 1202 2270 ueces-

248 2294 325 2354 saria
346 2290 567 2371 justificationis
589 2293 700 2361 media,
724 2290 946 2352 credendorum
968 2293 1199 2369 compendium,

249 2375 376 2450 ideoque
403 2373 441 2432 ab
463 2373 601 2434 omnibus
623 2376 693 2434 sciri
721 2393 755 2434 ac
778 2376 874 2434 teneri
894 2375 985 2435 debet
1010 2380 1079 2434 ante
1101 2373 1202 2448 Rapti·

247 2473 358 2515 smum.
382 2452 506 2514 Praeter
529 2455 735 2532 Apostolicnm
758 2455 933 2533 Symbolum
955 2473 991 2516 ao
1013 2455 1200 2514 Dominicam

246 2534 433 2605 Orationem,
451 2553 488 2596 ex
510 2537 662 2597 variorum
685 2537 850 2598 Ritnalium
873 2539 1069 2616 praescripto,
1086 2550 1201 2596 memo·

246 2619 321 2676 riter
348 2617 464 2678 discere
496 2635 531 2678 ac
560 2621 652 2680 etiam
681 2619 808 2680 recitare
836 2619 1050 2680 Salutationem
1079 2618 1201 2695 Angeli-

247 2715 336 2780 eam,
361 2699 455 2768 idest,
479 2698 540 2760 Arae
562 2699 676 2763 Maria
689 2703 789 2780 pratia
807 2701 898 2780 pleno
919 2701 1028 2760 debent
1049 2700 1200 2776 Baptismo

230 2779 391 2847 oniriandi,
416 2787 447 2840 et
468 2782 493 2840 si
515 2782 642 2842 inientes
663 2783 790 2851 luerint,
812 2799 918 2842 eorum
945 2779 1056 2841 Patrini
1079 2799 1113 2840 ac
1134 2779 1198 2842 Ma-

245 2864 352 2922 trinae.

284 2943 343 3004 lx.
367 2941 443 3004 Cum
467 2945 560 3006 suerit
580 2963 675 3024 prope
697 2944 823 3006 Fontem
846 2944 991 3015 adultus,
1016 2945 1126 3005 iterum
1148 2943 1198 3005 Sa·

247 3027 352 3086 oerdos
374 3023 445 3087 eum
462 3027 641 3104 interrogat:
671 3025 746 3102 Quis
758 3024 900 3087 sororis?
922 3027 1092 3101 trinamque
1115 3027 1196 3087 illam

243 3110 506 3186 interrogationem
530 3110 696 3188 subjungit:
719 3107 755 3168 N.
776 3105 881 3169 Credis
901 3112 935 3169 io
956 3109 1054 3168 Deum
1076 3106 1197 3168 Patrem

248 3189 498 3270 omnipotentem?
519 3201 578 3252 etc.
603 3189 703 3266 Atque
724 3191 800 3251 baec
823 3205 942 3266 quoque
964 3191 1042 3249 trina
1064 3191 1101 3249 de
1123 3188 1196 3250 Fide

241 3273 437 3348 interrogatio
469 3281 516 3332 est
541 3273 680 3350 repetitio
707 3271 845 3351 ejusdem
867 3270 1110 3348 interrogationis
1131 3271 1193 3350 jam

241 3353 337 3412 iactae
364 3353 447 3412 initio
468 3351 662 3414 Catecbismi.
687 3353 775 3426 Quod
796 3351 918 3430 quidem
948 3353 1057 3412 iterum
1080 3353 1192 3412 lactum

241 3438 323 3508 puto,
346 3441 382 3494 ut
402 3437 566 3495 constantia
582 3433 679 3494 Eleoti
703 3436 814 3494 iterum
836 3432 1020 3511 exploretur,
1037 3450 1075 3494 an
1098 3433 1128 3493 in
1142 3449 1192 3494 sua

240 3514 396 3574 vocatione
425 3515 574 3592 persistat.
599 3513 699 3575 Unum
721 3516 798 3592 illud
823 3515 970 3574 hocloco
999 3515 1189 3579 addiderim,

240 3594 320 3669 quod
344 3595 523 3672 praescribit
544 3595 768 3657 Caeremoniale
790 3596 1044 3667 Ambrosianum,
1068 3603 1099 3657 et.
1120 3595 1193 3656 San·
