2567 4042
487 221 689 295 utilitas·

105 352 219 429 guium
235 352 443 425 ablationem,
466 354 657 434 degradando
680 351 830 432 Episcopo
858 351 949 415 luisse
970 353 1063 415 etiarn

105 431 241 495 Crucem
261 432 466 498 Pontifiealem
489 443 628 514 ereptam
651 439 801 497 novimus.
848 489 849 495 ,

135 513 192 575 ·V.
216 515 359 577 Absolute
382 519 445 581 ritu
467 520 513 580 ab
526 519 642 582 Ordine
664 516 845 601 Episcopali‚
865 515 1001 593 sequitur
1023 518 1063 577 ri·

107 602 160 659 tus
177 594 402 680 'degradationis
425 602 468 663 ‘ab
489 602 593 663 ordine
616 599 857 683 Presbyteratus.
881 594 1004 659 Constat
1025 618 1063 661 ex

108 679 263 742 Decretali
284 680 419 757 Epistola
441 684 584 745 Eoniiacii
610 682 685 745 Vlll
717 701 752 744 ac
774 680 871 743 Libris
899 686 1064 743 manuscri-

108 764 170 839 ptis
204 760 451 837 Pontificalibus‚
485 771 520 827 ut
553 785 623 827 cum
657 765 822 844 Episcopus
849 760 1064 842 Presbyterum

105 845 304 922 deposuerit,
327 844 434 924 jubeat
453 867 525 909 eum
548 850 635 927 prius
656 848 740 909 indui
761 846 899 908 omnibus
921 842 1062 907 Sacerdo-

108 927 221 989 talibus
249 928 454 998 indumentis,
476 932 594 1007 sibique
616 928 748 991 Calicem
781 928 811 989 in
834 946 925 989 manu
949 926 1064 989 haben·

107 1012 187 1078 tem,
204 1012 371 1087 prasentari
387 1030 494 1091 aeque,
518 1014 592 1074 acsi
608 1013 734 1075 deberet
756 1011 785 1071 in
801 1006 983 1072 sacerdotali
999 1010 1063 1071 olli·

105 1090 160 1150 cio
175 1093 355 1153 ministrare.
368 1092 506 1157 Meminit
515 1093 636 1173 quidem
649 1094 718 1174 ejus
735 1093 809 1155 ritus
821 1092 1063 1169 manuscriptum

108 1170 288 1235 Pontificale
309 1175 430 1254 insignis
451 1174 604 1238 Ecclesiae
618 1175 820 1255 Mogontinae.
838 1172 934 1251 Caput
954 1175 1061 1250 degra-

106 1254 203 1315 dandi
224 1257 401 1323 radendum,
418 1265 455 1319 ‘aa
481 1256 633 1319 Tonsurae
654 1278 704 1319 ssa
723 1257 889 1321 Clars‘eotas
905 1258 1061 1335 uestigium

110 1348 269 1398 remaneat
290 1342 325 1401 ia
346 1338 456 1410 codam,
470 1340 665 1419 praescripsit
686 1340 810 1417 quidem
831 1340 859 1398 in
882 1356 936 1400 sua
952 1337 1061 1398 Decre-

108 1420 165 1479 tali
180 1420 217 1478 ad
234 1418 414 1500 Episcopum
430 1422 634 1485 Biterrensem
646 1420 780 1501 Epistola
793 1419 965 1481 Bonilaeius
977 1415 1063 1487 vm,

113 1502 198 1563 nulla
219 1502 297 1564 iacta
318 1507 435 1581 penitus
457 1506 608 1568 mentione
630 1502 795 1565 abradendi
818 1504 892 1565 ·cu'm
914 1502 1064 1570 cultello,

111 1584 162 1643 vel
185 1585 264 1646 vitro
289 1584 412 1663 pollices
439 1591 472 1647 et
498 1586 611 1649 indices
638 1586 798 1663 utriusque
829 1600 935 1645 marrus
962 1584 1067 1661 degra-

113 1664 225 1737 dandi,
247 1668 502 1745 quemadmodum
523 1688 563 1731 ex
584 1669 642 1729 boc
664 1668 787 1728 adlerno
808 1664 943 1727 Romano
964 1664 1064 1727 Ponti·

68 1768 71 1773 ·
113 1744 196 1807 ficall
228 1753 445 1830 praescriptum
467 1755 523 1813 est.
552 1748 618 1811 Etsi
650 1754 752 1811 autem
785 1750 816 1809 in
837 1766 891 1809 sua
912 1744 1064 1811 Decretali

113 1827 195 1889 banc
221 1828 394 1893 bonifacius
415 1830 489 1894 VIII
511 1832 707 1911 'praescribat
728 1830 891 1892 formulam
924 1830 954 1889 in
975 1848 1066 1907 expo-

114 1910 217 1971 liando
238 1931 309 1974 eum
330 1912 430 1975 casula
449 1910 467 1971 ι’
480 1912 655 1993 ,auferimus
677 1913 732 1973 tibi
763 1922 871 1975 oratam
891 1910 1067 1989 Sacerdotes

110 1994 190 2063 tem,
214 2006 243 2055 et
262 2004 292 2061 ts
311 1998 420 2057 luaors
440 1995 627 2059 sacerdotali
641 1997 819 2075 privernum
846 1995 999 2055 retinenda
1022 1999 1068 2053 est

113 2074 311 2140 nibilominus
332 2078 424 2138 nostri
445 2075 627 2141 Pontificalis
649 2074 794 2137 formula:
818 2073 896 2136 Vesta
921 2072 1066 2137 Sacerdo-

115 2159 175 2217 tals'
188 2160 516 2239 charitatsmsa'paaata
529 2159 638 2221 marito
660 2160 852 2237 expoliamus,
871 2159 943 2235 qaia
958 2158 1064 2238 ipsam,

111 2249 145 2299 at
166 2258 281 2301 omnam
300 2242 502 2303 inuocantium
525 2242 638 2303 cauiai
650 2282 658 2309 ‚
687 2250 705 2301 a
727 2242 817 2301 variis
839 2237 970 2299 SummIs
991 2238 1068 2298 Pon·

115 2318 250 2383 tillcibus
271 2324 443 2401 approbata.
468 2322 581 2386 Stolam
603 2322 793 2400 degradando
813 2318 994 2399 Presbytero
1015 2338 1069 2382 aur

118 2400 193 2463 ierri
216 2406 339 2467 mandat
366 2404 487 2484 quidem
510 2406 748 2482 manuscriptum
770 2400 942 2465 Pontifioale
964 2402 1068 2463 Eccle-

118 2486 185 2545 siae
206 2484 412 2563 Moguntinae.
434 2484 510 2547 Cum
531 2506 617 2549 sacar
637 2484 793 2563 Evangelii
814 2484 927 2557 Codex,
950 2482 1071 2543 Dalma-

119 2568 177 2627 tica
199 2572 232 2627 et
246 2566 332 2629 stou
354 2571 412 2631 sint
433 2570 630 2631 instrumenta
647 2610 654 2633 ,
670 2569 786 2647 'quibus
808 2565 942 2628 Ecclesia
971 2567 1067 2626 utitur

116 2648 257 2727 pluribus
276 2651 396 2718 ‚abhinc
418 2653 544 2712 saeculis
570 2653 604 2711 in
625 2649 818 2712 Ordinatiane
841 2648 1065 2716 Diacouorum,

117 2732 230 2792 merito
251 2733 399 2809 postulat,
413 2739 448 2794 ut
469 2733 573 2795 eadem
595 2734 795 2795 instrumenta
816 2731 855 2792 ab
869 2730 982 2792 Ordine
996 2729 1068 2789 Dia·

113 2817 244 2874 conatus
267 2812 442 2893 xdejiciendo
473 2819 504 2875 et
534 2813 722 2896 degradando
754 2818 959 2890 amoveantur.
983 2810 1068 2871 Idem
1102 2826 1104 2835 ’

116 2896 298 2957 observatur
320 2897 349 2956 in
371 2896 583 2975 degradatione
607 2896 645 2956 ab
666 2895 778 2957 Ordine
800 2894 1044 2956 Subdiaconatus.

160 2976 218 3038 VI.
231 2976 400 3041 Solemnem
413 2978 656 3058 degradationem
669 2978 781 3040 babere
793 2975 891 3037 locum
907 2992 965 3037 non
977 2975 1066 3033 modo

117 3058 170 3119 ubi
193 3061 283 3121 sacris
297 3059 458 3123 Ordinibus
480 3061 631 3138 insigniti,
655 3076 763 3121 verum
785 3060 876 3119 etiarn
896 3058 947 3119 ubi
968 3057 1066 3133 prima

115 3140 255 3201 Tonsura
277 3142 502 3222 minoribusque
524 3140 687 3203 Ordinilms
715 3141 820 3201 initiati
839 3138 964 3215 aliquod
985 3150 1067 3199 enor-

118 3236 169 3283 me
191 3222 336 3287 delictum
358 3228 590 3304 perpetrarunt,
612 3242 653 3285 ex
674 3220 817 3283 Bonilacii
840 3218 913 3283 VIII
934 3217 1067 3298 Epistola
1127 3212 1131 3231 '

119 3303 270 3369 Decretali
291 3304 365 3382 Cap.
389 3305 420 3369 ll
440 3294 475 3367 ds
497 3303 628 3377 Poetis,
653 3306 685 3367 in
707 3304 775 3373 Vl,
799 3302 911 3382 liquido
940 3308 1066 3363 cunstat.

118 3384 196 3448 Cum
230 3388 259 3448 in
283 3388 466 3449 ordinatione
488 3387 690 3467 Acolytbatus
722 3386 833 3465 duplex
855 3387 893 3447 sit
913 3386 1065 3461 materia,

121 3479 231 3547 nempe
252 3467 432 3533 Ceroierarii
459 3488 528 3531 curn
549 3488 639 3536 cereo
662 3469 809 3537 traditio,
831 3475 862 3529 et
883 3466 996 3529 urceoli
1018 3483 1071 3525 ra·

120 3552 196 3619 cui,
228 3558 262 3612 ut
281 3553 396 3630 antiqui
415 3550 551 3613 Rituales
572 3550 656 3612 Libri
684 3557 714 3613 et
734 3547 858 3613 Consilii
881 3548 925 3609 IV
944 3536 1073 3607 Camba-
1185 3579 1190 3587 ·

118 3632 262 3709 giniensis
283 3632 386 3695 Patras
407 3630 479 3696 Can.
497 3632 541 3695 vl
562 3633 681 3705 docent,
699 3638 757 3693 non
780 3632 891 3692 mirum
914 3631 939 3691 si
953 3620 1075 3690 utrum·
