2567 4042
612 194 836 267 willimaro

289 327 329 387 ll.
355 328 413 386 ltin
430 325 593 385 Christiani
616 342 713 401 aeque
736 342 771 383 ec
793 324 918 401 gentiles
940 328 1027 383 extra
1049 322 1138 381 nrbes
1157 338 1192 379 se-

216 439 219 443 ·
248 410 450 486 pellebantur.
468 408 647 468 Generatim
662 412 783 467 veteres
805 406 841 466 de
857 405 1005 482 sepulcris
1019 402 1191 481 Martyrum,

250 497 407 567 nmquam
429 496 516 551 extra
538 490 630 550 urbes
652 488 767 567 positis,
791 488 952 547 disserunt.
968 484 1126 562 Apostolos
1146 484 1192 545 Pe

249 578 331 633 trum
353 578 384 633 et
406 572 533 632 Paulum
554 576 641 631 extra
664 568 777 630 Urbem
799 570 959 637 humatos,
983 572 1111 639 testatur
1131 564 1192 628 Hie-

247 670 395 731 ronymus
418 655 461 713 De
480 648 681 732 Scriptoribas
695 649 917 711 Ecclesiastieis
934 651 1010 730 Cap.
1032 649 1048 707 1
1064 658 1091 708 et
1107 648 1153 707 15,
1164 647 1193 709 ln
1257 689 1261 700 .

245 735 368 797 Oriente
389 736 460 796 inde
482 753 499 793 a
522 734 645 795 saeculo
661 732 705 793 lV
720 732 825 793 fideles
840 734 870 791 in
886 731 1090 793 Ecclesiarum
1105 731 1189 797 atriis,

247 818 296 880 vel
319 819 392 893 ipsis
413 815 557 877 Ecclesiis
589 816 711 893 sepeliri
734 819 970 877 consueverunt.
994 810 1191 873 Constantinus

246 900 376 977 Magnus
409 900 439 957 in
460 898 588 958 basilica
611 897 853 973 Apostolorum,
883 914 975 972 quam
995 892 1192 955 Constantino·
1261 921 1262 929 ¹

246 981 306 1058 poli
329 980 428 1041 extrui
450 982 590 1044 curavit,
614 980 748 1039 macime
770 980 920 1038 ambierat
941 978 1033 1037 tacco
1055 974 1190 1055 Apostelo
1261 1006 1262 1033 l

244 1081 319 1121 ram
342 1061 516 1119 memoriam
538 1061 668 1138 sepeliri,
693 1071 726 1120 nt
745 1062 978 1139 precationem,
1004 1076 1079 1136 qaae
1100 1058 1133 1115 tn
1151 1057 1207 1115 lio*
1261 1088 1262 1101 κ

247 1160 353 1201 norem
375 1140 584 1221 Apostolorum
604 1142 648 1201 iot
670 1142 863 1202 celebrandae
886 1150 986 1207 erant,
1010 1138 1099 1199 etiam
1121 1156 1190 1198 mor-

249 1235 320 1284 tuas
330 1226 480 1303 particeps
494 1222 590 1303 fieret,
607 1224 652 1282 uti
667 1222 762 1283 relerl
774 1220 925 1285 Eusebius
941 1221 1006 1281 Lib.
1020 1218 1063 1279 lv
1081 1218 1115 1277 de
1135 1217 1192 1279 Vite
1261 1254 1262 1287 r

254 1305 452 1368 Constantini
469 1304 545 1385 Cap.
562 1305 619 1364 21.
635 1304 669 1364 ln
685 1304 824 1383 ejusdem
839 1304 985 1364 Basilicas
1000 1301 1192 1381 porticuCan-
1261 1360 1262 1369 ,

249 1388 513 1465 stautinopolitani'
529 1387 658 1463 Augusti
681 1387 868 1447 Theodosius
889 1387 1024 1463 Magnus
1038 1383 1189 1447 Arcadius
1261 1442 1262 1453 ,

251 1469 400 1539 lindesia,
424 1468 614 1529 Theodosius
635 1467 753 1537 Iunior,
777 1467 917 1529 tumulati
938 1472 1016 1533 sunt,
1035 1465 1080 1527 uti
1103 1470 1193 1525 narrat
1261 1498 1262 1505 κ

250 1550 441 1628 Nicephorus
462 1550 529 1610 Lib.
546 1548 623 1609 xlv
645 1549 719 1629 Cap.
736 1548 787 1610 58.
804 1550 919 1610 Eodem
942 1548 1064 1607 saeculo
1080 1545 1193 1609 {Vnica
1210 1540 1217 1557 '
1261 1582 1262 1591 κ

248 1634 276 1691 in
300 1631 424 1693 Oriente
445 1632 540 1709 viguit
562 1631 728 1709 sepeliendi
751 1632 778 1691 in
801 1632 893 1691 sacris
912 1630 1037 1691 aedibus
1058 1626 1193 1689 Christia-

247 1730 312 1773 nas.
338 1714 372 1772 ln
391 1713 554 1773 Occidente
577 1730 697 1788 quoque
719 1714 781 1792 jam
806 1732 823 1773 a
844 1712 966 1773 sacculo
982 1710 1025 1771 lv
1048 1710 1148 1771 fideles
1166 1710 1193 1768 in

124 1839 125 1842 ,
246 1792 390 1855 Ecclesiis
422 1812 517 1871 propo
539 1796 693 1872 Martyres
715 1796 835 1855 humati
858 1798 943 1855 sunt,
963 1786 995 1852 S.
1021 1792 1192 1855 Ambrosius

246 1876 432 1952 sepulturam
446 1877 503 1935 sibi
519 1875 610 1953 elegit
624 1877 656 1935 in
671 1876 797 1939 Basilica
810 1875 1009 1937 Ambrosiana
1023 1892 1041 1934 a
1056 1892 1089 1935 se
1104 1878 1195 1935 catra-
1261 1910 1262 1946 3

247 1964 296 2017 cta
318 1959 373 2017 sub
395 1958 503 2019 Alteri.
920 2008 922 2015 ,
1117 1987 1119 1994 ‚

287 2039 342 2100 111.
367 2038 565 2113 Quandonam
580 2045 683 2099 autern
706 2041 781 2101 ritus
802 2038 996 2099 benedicendi
1014 2035 1195 2099 Coemeteria
1261 2080 1262 2091 ,

247 2122 369 2182 initium·
387 2121 560 2200 sumpserit,
577 2119 696 2181 difficile
719 2127 764 2181 est
781 2119 918 2181 delinire.
938 2116 994 2179 Est
1014 2120 1194 2196 quidem-res

246 2204 478 2280 antiquissima,
500 2219 570 2261 eum
597 2202 634 2261 de
657 2221 693 2264 ea
716 2221 774 2261 nan
798 2210 953 2279 tamquam
985 2219 1041 2263 suo
1063 2208 1206 2278 temperev

246 2286 406 2346 adinventa
435 2284 706 2352 luculentissimam
728 2286 909 2345 mentionem
940 2283 1048 2343 lecerit
1070 2280 1101 2341 S.
1125 2281 1196 2343 Gre-

247 2368 349 2445 gorius
363 2364 548 2425 Turonensis
566 2362 745 2443 Episcopus,
763 2368 813 2441 qui
829 2364 931 2427 floruit
944 2363 989 2423 Vl
1009 2362 1126 2425 Christi
1137 2382 1195 2425 sae·
1261 2386 1262 2399 ¹

245 2448 314 2509 culo
335 2448 365 2505 in
386 2446 476 2506 Libro
500 2445 543 2505 De
562 2444 672 2507 Gloria
697 2446 913 2525 confessorem,
929 2444 1003 2523 Cap.
1028 2444 1109 2505 CVI.
1132 2445 1196 2506 Post

248 2546 359 2589 annum
374 2525 487 2587 Christi
508 2528 705 2589 millesimum
728 2530 822 2591 multa
844 2529 927 2605 apud·
939 2527 1115 2605 Scriptores
1133 2546 1196 2589 ean-

247 2615 434 2670 secratorum
456 2604 715 2682 Coemeteriornm
740 2611 878 2689 exempla
900 2610 1063 2671 habentur.
1093 2609 1196 2671 Extant

246 2690 442 2751 nihilominus
474 2689 596 2765 quidam
623 2692 791 2769 pervetusti
824 2691 1022 2768 manuscripti
1043 2688 1194 2751 Pontifica-

248 2774 291 2832 les
305 2772 389 2847 ‚eui
411 2771 626 2837 benedictionis
648 2771 910 2833 Coemeteriornm
933 2774 1077 2833 ordinem·
1095 2772 1195 2833 deseri-

245 2854 333 2915 bunt.
350 2852 572 2913 Coemeterium
591 2871 646 2931 per
662 2855 825 2917 solemnem
842 2856 1082 2917 benedictionem
1105 2854 1196 2915 elaea

244 2935 372 3012 prolana
392 2934 471 2995 ellici
493 2934 592 2994 locum
615 2936 811 3012 religiosum3
837 2938 898 2996 imo
920 2942 1078 3011 tamquam
1100 2934 1197 2997 Eccle-

244 3019 307 3079 siae
329 3017 486 3094 appendici
501 3017 592 3077 etiam
616 3016 734 3095 dejure
750 3018 972 3079 immunitatem
991 3016 1121 3079 localem
1137 3035 1196 3079 esse

245 3100 389 3160 indultam
406 3098 544 3158 omnibus
566 3098 596 3155 in
620 3104 776 3175 comperte
792 3104 849 3159 est.
867 3099 1018 3163 lnsacris
1032 3096 1196 3161 Canouibus

243 3181 437 3242 constitutum
461 3178 600 3256 legimus,
620 3197 657 3239 ne
680 3182 710 3239 in
724 3178 920 3242 Coemeteriis
943 3179 994 3241 'ubi
1016 3179 1196 3243 Christiana-

246 3279 315 3322 rum
332 3279 470 3337 corpora‚
487 3262 539 3337 qui
553 3261 681 3337 Templa
697 3266 766 3320 sunt
782 3260 837 3321 Dei
852 3262 1195 3339 etruscersprache

245 3343 276 3401 in
298 3342 430 3417 Epistola
453 3341 483 3402 ll
505 3344 542 3402 ad
563 3342 733 3403 Corinthios
755 3340 827 3420 Cap.
852 3344 896 3404 Vl
919 3345 1122 3421 requiescunt,
1146 3345 1195 3403 ali·

243 3423 320 3501 quid
342 3420 418 3490 liat,
453 3426 533 3500 quod
564 3425 634 3503 ejus
657 3424 713 3483 loci
741 3425 930 3487 sanctitatem
958 3424 1115 3487 offendere
1133 3442 1196 3504 pos-

245 3506 308 3565 sit:
333 3504 427 3565 Saera
449 3505 540 3575 loca,
563 3499 704 3583 inquiunt
725 3504 781 3567 PP.
806 3506 917 3585 Synodi
932 3506 1109 3569 Exoniensis
1131 3507 1196 3569 anal

247 3582 521 3649 MCCLXXXVH.
546 3586 621 3666 Cap.
645 3585 722 3649 XIV
743 3588 781 3649 ab
802 3590 936 3651 annitens
955 3591 1118 3659 uenerari,
1137 3598 1192 3651 tarn
