2567 4042
587 183 648 247 em
671 170 730 235 tto
751 179 810 243 aa·

231 306 372 383 Episcopi
385 303 530 365 baculum
545 302 721 381 accipiebat,
738 319 775 364 ex
791 298 924 363 Decreto
935 300 1045 365 Urbani
1061 301 1089 363 ll
1103 302 1178 365 Pon

231 386 319 447 tisrcis
340 384 494 447 Maximi
485 404 515 445 ιιι
537 384 670 446 Concilio
692 382 857 447 Turonensi
878 385 983 453 edito,
1006 384 1063 445 un
1072 385 1178 449 ridere
1266 424 1267 429 κ

229 474 276 533 est
296 466 391 529 Tomo
405 467 449 529 Vl
470 466 625 547 spicilegii
636 464 825 527 Dacberiani.
842 465 1016 539 Quamvis
1003 484 1039 524 ιιι
1053 467 1181 543 natique

230 544 367 611 Romano
387 546 501 611 Ordine
529 555 560 609 et
588 552 617 609 in
639 548 741 609 multis
761 546 983 609 Pontilicalibus
1010 546 1110 613 etiarn
1129 565 1175 608 re
1267 606 1268 627 p

231 632 372 695 contionis
404 633 494 701 aevi,
518 631 555 693 de
587 630 749 691 traditione
770 630 921 694 Annnli
914 649 943 691 m
972 630 1179 693 benedictione
1267 656 1268 667 ι

232 714 358 793 Abbatis
387 715 469 774 nulla
491 712 602 773 mentio
616 712 783 797 habeatur,
799 718 914 774 constat
934 718 1034 775 tamen
1055 728 1093 773 ex
1107 708 1178 777 Cas·

231 796 341 859 sinensi
363 794 471 856 Codice
493 794 612 855 luisse
605 812 703 873 rpsum
711 782 895 863 ’,ΑιιιιιιΙιιιιι
919 798 1077 871 antequam
1100 810 1179 855 nouo
1268 852 1269 863 ,

232 879 341 939 Abbati
364 879 553 946 traderetur,-
564 877 602 936 ab
624 871 773 954 Episcopo
796 877 910 954 prolixa
931 878 1064 940 oratione
1088 875 1180 938 bene
1268 872 1269 925 ἶ

232 961 356 1022 dictum.
384 956 526 1021 Ceterum
549 963 610 1018 tarn
631 956 804 1020 Pontilicale
826 958 979 1028 Berense,
1002 976 1092 1034 quam
1114 955 1181 1017 llo·

233 1041 389 1121 guatinum
411 1042 521 1101 diserte
544 1046 713 1101 memorant
733 1039 844 1101 Annuli
866 1039 1085 1103 traditionem
1076 1058 1108 1100 ιιι
1116 1040 1178 1105 ,·Be

134 1138 143 1151 ·
234 1124 399 1187 nedictione
422 1122 548 1183 Abbatis
564 1121 748 1187 taciendam.
772 1121 876 1183 Oratio
903 1119 939 1181 Te
965 1119 1179 1201 Omnipotens

233 1216 261 1267 et
276 1205 429 1283 piissime
432 1203 582 1275 Domine,
606 1203 727 1279 antiqua
749 1200 814 1277 est,
838 1204 953 1283 etjam
974 1206 1080 1268 olim
1072 1223 1103 1265 ιιι
1124 1202 1180 1265 Be«.
1269 1256 1270 1281 ,

232 1288 399 1351 nedictione
423 1285 548 1346 Abbatis
570 1290 638 1363 post
660 1285 799 1346 traditam
830 1286 857 1345 ei
879 1284 1050 1361 Regulam,
1073 1286 1182 1347 recite-

232 1378 284 1440 ta,
308 1375 343 1431 ut
363 1374 478 1429 constat
498 1385 535 1427 ex
556 1368 678 1442 antiquo
692 1364 803 1427 Ordine
818 1366 962 1428 Romano.
978 1368 1102 1429 Ροιιο
1093 1385 1124 1429 m
1147 1386 1182 1428 ea

232 1452 366 1514 oratione
389 1451 481 1511 nostri
504 1446 630 1526 Romani
662 1448 866 1519 Pontilicalis,
895 1450 991 1512 Deum
1012 1448 1184 1529 Episcopus

232 1536 413 1613 deprecatur
435 1551 486 1609 pro
510 1544 586 1594 noro
601 1529 728 1599 Abbate,
747 1537 779 1593 ut
800 1537 959 1610 praecepta
981 1537 1101 1594 sancme
1123 1530 1183 1593 Re·

234 1616 321 1693 gntae
342 1613 504 1675 elticaciter
519 1612 638 1673 studeat
660 1613 837 1690 adimplere;
860 1618 894 1675 nt
914 1615 993 1673 enim
1015 1615 1058 1674 art
1079 1614 1111 1675 S
1127 1612 1183 1675 lsi·

234 1661 327 1758 dorus
344 1695 491 1755 Pelusiota
507 1688 574 1753 Lib.
591 1692 620 1754 ll
634 1692 767 1774 Epistola
782 1692 887 1756 CClX.
911 1693 962 1755 Ito
977 1706 1091 1757 notura
1105 1712 1183 1755 corn

230 1778 377 1859 parntem
400 1785 450 1846 ert,
467 1788 500 1836 nt
521 1774 561 1833 od
583 1778 655 1857 ejus,
673 1780 725 1856 qni
741 1788 870 1857 protest,
887 1776 1136 1844 similitudinem,
1159 1777 1187 1837 r'i

235 1862 288 1939 qni
303 1869 435 1941 parent,
459 1876 517 1917 sese
539 1854 687 1937 effinpoot.

277 1938 317 1999 V.
341 1934 428 2001 Ritus
450 1940 524 1999 est
517 1956 547 1997 ιιι
569 1940 704 2001 Ecclesia
725 1945 884 2013 vetustus,
909 1947 942 2001 ut
965 1958 1060 2003 novus
1081 1940 1185 2001 Abbas

236 2039 291 2083 suo
312 2016 490 2083 Ordinatori
506 2018 657 2099 Episcopo
676 2022 786 2083 offerat
807 2040 932 2099 panem,
955 2024 1057 2086 vinnm
1087 2030 1120 2083 ct
1141 2022 1186 2083 bi
1271 2070 1272 2075 ,

236 2124 291 2165 nos
312 2122 418 2167 cerens
435 2115 579 2163 accensos
611 2106 711 2165 statim
745 2110 823 2182 post
833 2104 985 2183 Evangelii
1005 2104 1184 2167 lectionem.
1271 2102 1272 2105 ’

236 2184 424 2248 Celebratam
439 2186 488 2245 vel
508 2185 579 2244 olim
595 2184 745 2259 Abbatum
762 2185 1003 2247 Recedictionem
1020 2188 1098 2246 inter
1114 2184 1188 2246 Mis·

236 2287 341 2340 sarum
363 2266 519 2336 solemnia,
537 2267 631 2342 liquet
652 2286 688 2327 ex
711 2267 819 2329 Codice
840 2273 943 2329 vetere
956 2267 1125 2329 Cassincnsi
1154 2274 1185 2329 et

238 2366 275 2414 ex
297 2350 399 2411 multis
414 2341 635 2410 Pontificalibus
658 2348 765 2409 Libris
784 2348 932 2410 Ceterum·
940 2352 996 2411 etsi
1011 2350 1151 2418 annas·
1143 2367 1186 2409 ιιι-

239 2438 302 2491 star
322 2428 471 2509 Episcopi,
488 2426 622 2491 Pontifici
637 2432 746 2510 ollerat
761 2430 837 2491 duos
858 2448 973 2502 cereos,
990 2432 1063 2493 duos
1078 2448 1187 2509 panes

239 2515 270 2571 ct
291 2513 350 2572 duo
373 2512 491 2573 barilia
497 2513 570 2578 vini,
586 2530 644 2571 non
667 2518 767 2574 tamen
789 2514 1002 2582 communicat,
1019 2516 1102 2575 sicut
1117 2512 1186 2591 Epi·

241 2610 372 2671 scopus,
401 2594 453 2654 sed
484 2592 521 2654 de
544 2586 634 2655 manu
655 2594 795 2671 Episcopi
822 2594 943 2655 Sacram
965 2595 1188 2657 Eucharistiam

242 2674 298 2735 sub
318 2676 415 2751 speeie
436 2676 532 2749 solum
548 2676 646 2754 panis
673 2672 847 2753 genuflexus
880 2694 913 2743 ac
942 2681 1117 2737 reverenter
1138 2696 1189 2739 su-

239 2757 306 2816 mit.
330 2745 491 2832 Postquam
514 2736 613 2817 Abbas
634 2756 671 2817 ab
691 2750 878 2855 Episcopo
869 2778 898 2819 ιο
921 2756 979 2821 fine
1001 2758 1112 2823 Missae
1134 2778 1186 2838 pe·

146 2840 149 2845 '
241 2837 348 2912 culiari
371 2838 513 2901 oratione
525 2839 698 2901 benedictus
718 2845 780 2910 est,
804 2842 867 2917 ipse
889 2839 991 2906 Abbas
1012 2841 1189 2903 solemniter

240 2915 369 2997 populo,
392 2916 541 2998 Episcopo
564 2922 654 2981 etiarn
678 2926 845 2999 praesente,
869 2923 1038 2995 benedicit,
1063 2924 1122 2985 hac
1143 2924 1189 2983 ni

240 3003 353 3061 mlrum
376 3003 530 3064 dumtaxat
547 3004 640 3075 viee,
671 3022 741 3077 curn
767 3002 840 3063 alias
869 3004 946 3064 de
935 3024 1005 3085 pure
1033 3008 1189 3067 communi

215 3135 217 3140 .
241 3090 390 3159 nequeant
416 3084 536 3160 quidem
558 3083 712 3156 Abbatcs,
737 3086 944 3163 praesentibus
965 3085 1118 3167 Episcopis
1139 3088 1188 3148 rel

242 3165 307 3225 aliis
329 3164 491 3244 majoribus
513 3160 665 3230 Ecclesiae
680 3129 834 3235 Piaelatis,
851 3167 1086 3247 benedictionem
1101 3169 1189 3231 solc-

241 3263 344 3316 runem
366 3248 476 3325 populo
497 3247 668 3327 impertiri,
692 3249 876 3327 probantque
895 3250 928 3311 id
951 3252 1059 3327 passim
1086 3257 1189 3313 aucto-

243 3326 292 3400 r'es
314 3344 350 3387 ex
373 3345 428 3387 eo
436 3329 517 3405 quod
538 3330 636 3390 minor
658 3348 706 3391 nra
722 3349 807 3403 orern
829 3332 1004 3395 benedicere
1034 3328 1117 3395 baud
1138 3332 1191 3392 d'e·

222 3394 315 3475 bet,
326 3403 381 3469 uti
403 3409 560 3471 habetur
552 3430 582 3470 ιιι
604 3412 677 3475 Can.
702 3330 798 3493 beneq
800 3432 862 3483 ne,
885 3412 964 3474 XXI
981 3412 1196 3477 Dietirrctiene

244 3489 387 3551 Ceterum
412 3492 599 3571 privilegia
590 3513 654 3574 rpsa
676 3434 844 3557 Abbatibus
865 3495 903 3559 ab
920 3493 1091 3574 Apostolica
1113 3496 1195 3557 Sede

246 3576 399 3645 concessa,
426 3578 459 3633 ut
460 3575 592 3659 possint
613 3578 817 3655 solemnitor
808 3596 839 3642 ιιι
860 3575 1004 3643 Ecclesiis
1025 3580 1080 3643 sibi
1093 3580 1191 3658 pleno
