2567 4042
434 188 662 259 wlff&-

76 320 204 380 locorum
233 319 391 396 Episcopis
424 321 553 381 dabatur
583 318 778 379 benedicendi
802 319 961 390 libbeus,
985 322 1023 381 ab

76 404 171 477 risone
192 401 403 479 juramentum
425 402 576 465 fidelitatis
593 401 781 478 spostolicae
804 398 888 461 Sedis
903 404 1023 464 nomine

77 483 340 562 recipienrlijuxta
372 484 536 547 formulam
556 481 696 560 Gregorii
718 480 765 541 lx
794 484 1022 561 praescriptam.

111 565 149 625 11.
177 564 282 625 Sacris
303 564 474 629 Canonibus
500 566 566 645 jam
587 571 712 627 cautum
741 563 821 633 luit,
852 570 886 625 ut
917 567 940 625 is
973 568 1023 644 qui
1141 563 1145 569 ’

77 648 225 724 eligendus
248 655 294 707 est
321 648 351 706 in
374 649 550 716 Abbatem‚
573 663 717 723 expresse
739 643 893 723 professus
917 645 959 715 frt,
984 651 1028 729 uti

76 737 149 790 recte
170 729 263 789 docet
283 726 449 807 Gregorius
472 728 519 791 IX
540 728 679 790 Pontifex
702 725 852 787 Maximus
875 728 905 787 in
920 728 959 788 Ca
984 730 1024 791 ite

77 812 146 872 Cum
164 814 202 871 fn
222 808 420 890 Mcpistrum.
444 811 490 871 En
515 811 702 887 praescripto
724 808 846 885 insuper
868 748 1025 872 Pontilfca-

76 893 106 953 lis
124 891 253 952 Romani
277 894 438 955 nonnullae
461 894 611 954 orationes
631 892 671 951 ab
683 886 836 969 Episcopo
859 892 1023 953 recitantur

75 992 144 1049 (puae
165 974 315 1050 incipiunt
337 976 417 1037 Dour
440 974 652 1052 fndutpcntiae
676 971 787 1033 Pater:
810 977 910 1049 postea
934 975 1024 1035 bene·

75 1056 208 1116 dicuntur
221 1061 333 1116 restes.
348 1054 422 1118 Esse
436 1074 510 1117 vero
525 1056 681 1132 antiquum
696 1050 850 1115 Ecclesiae
869 1054 959 1115 ritum
975 1056 1023 1117 be·

76 1138 224 1199 reticendi
247 1139 429 1199 monasticas
456 1144 557 1200 vestes
585 1142 654 1196 ante
677 1136 841 1195 solemnem
864 1135 1025 1198 llfouacbo·

77 1238 137 1279 rum
150 1217 384 1298 professionem,
400 1221 489 1281 docet
509 1236 563 1279 nos
578 1224 664 1278 vetus
679 1216 761 1276 Ordo
776 1214 930 1278 Romanus
945 1219 973 1277 in
988 1236 1023 1279 eo

76 1303 155 1363 titulo
174 1301 230 1377 qui
252 1302 450 1362 inscribitur:
479 1300 561 1362 Ordo
582 1298 622 1359 nd
645 1297 822 1360 Monachum
843 1297 1021 1375 faciendum.

76 1383 148 1443 Alias
167 1383 324 1444 orationes
344 1384 418 1445 dicit
432 1382 601 1462 Episcopus
623 1398 694 1441 cum
715 1377 864 1441 nonnullis
879 1377 1021 1450 Psalmis,

78 1464 234 1526 versiculis
256 1470 288 1525 et
302 1464 526 1542 Responsoriis.
551 1461 608 1524 His
629 1463 727 1531 dictis,
752 1462 916 1538 Episcopus
938 1460 1023 1523 sedet

76 1564 106 1605 ac
128 1562 234 1607 coram
260 1563 297 1607 eo
320 1547 498 1624 genuflexus
520 1544 645 1605 Electus
677 1544 787 1604 emittit
807 1541 1023 1621 professionem

76 1646 107 1687 ex
119 1630 307 1705 praescripto
328 1648 400 1693 suae
424 1628 675 1706 congregationis,
692 1627 722 1684 in
745 1626 851 1685 charta
866 1625 1021 1704 scriptam,

76 1726 156 1784 qnam
177 1711 211 1769 in
236 1710 375 1771 manibus
396 1715 480 1772 tenet
501 1717 533 1771 et
554 1709 636 1783 legit,
656 1724 715 1783 qua
731 1708 819 1773 lecta,
837 1708 921 1783 ponit
935 1708 1024 1767 char·

77 1796 129 1851 tarn
150 1794 249 1868 ipsam
272 1809 364 1869 super
386 1786 868 1853 Altare.Doctissimus.Catalano
891 1790 918 1847 in
935 1787 1025 1851 Com-

77 1876 216 1933 mentaria
250 1873 286 1933 ad
308 1870 484 1954 Pontificalc
506 1869 677 1934 Romanum
705 1868 797 1930 Titul.
823 1870 867 1929 Dc
895 1868 1024 1930 Benedi-

77 1957 163 2015 ctiouo
185 1953 311 2016 Abbatir
338 1961 426 2033 putat
447 1956 582 2016 omnium
604 1954 759 2029 primum,
783 1952 834 2027 qui
855 1950 1024 2027 professio·

77 2054 136 2097 nem
156 2040 274 2115 scripto
294 2036 383 2108 fieri,
407 2043 440 2097 el
460 2053 552 2111 super
564 2013 679 2094 'Altbre
709 2032 777 2109 poni
807 2032 994 2094 mandaverit
1012 2076 1018 2101 ‚

77 2117 159 2179 fuisse
179 2118 211 2179 S.
230 2119 436 2189 benedictum,
452 2118 541 2196 cujus
562 2119 639 2177 ritus
661 2114 774 2190 alioqui
790 2114 900 2189 passim
916 2119 948 2174 et
963 2115 1023 2189 pri-

77 2200 112 2257 sci
131 2202 316 2278 Scriptores,
333 2207 364 2262 et
385 2204 505 2261 vetusta
526 2197 671 2265 Ritualia,
695 2200 726 2279 et
747 2196 888 2271 autiquae
910 2192 1022 2272 Synodi

77 2282 179 2342 duone
202 2282 381 2343 meminere.
729 2316 732 2321 ·
997 2334 999 2341 ,

110 2362 160 2423 lli.
185 2359 243 2425 ‘nst
263 2370 294 2425 et
315 2362 387 2424 illud
410 2350 530 2438 quo‘que
552 2358 773 2427 adnotandum,
797 2360 933 2417 veterem
954 2374 1020 2417 esse

78 2442 290 2505 lfonacborum
311 2442 514 2522 disciplinam,
538 2446 573 2503 ut
594 2439 791 2520 professionis
813 2439 944 2507 charta,
972 2445 1023 2499 aut

79 2528 207 2596 nominis,
226 2530 279 2589 ant
291 2524 406 2587 -Crucis
429 2525 646 2599 subscriptione
668 2522 874 2581 roboraretur.
900 2520 1024 2599 Signum

78 2606 173 2670 Crucis
187 2610 326 2669 nominis
348 2608 414 2669 loco
436 2606 626 2667 subscribere
648 2602 1022 2671 communissimnmluit.

79 2686 117 2749 De
135 2690 341 2752 carthusianis
373 2690 457 2751 testis
485 2693 532 2749 est
552 2684 661 2758 Pet-rus
683 2683 772 2744 Sutor
804 2683 895 2743 Libro
924 2685 1020 2761 primo

80 2770 116 2829 Dc
137 2774 208 2835 Vtra
232 2771 447 2839 Cortlruu‘onn,
471 2768 575 2846 Capite
596 2774 715 2835 octavo,
734 2766 784 2826 ubi
807 2766 859 2832 eit,
877 2766 906 2825 in
929 2766 1022 2843 ipsius

80 2854 254 2915 nnnasticae
267 2854 461 2941 professionis
474 2850 556 2912 calce
570 2849 762 2926 profitentem
778 2847 884 2909 Crucis
900 2846 1019 2923 signum

79 2932 231 3014 depingere
264 2935 464 2996 consuevisse.
494 2932 636 2991 Testatur
662 2929 793 2989 lacobus
814 2927 957 3006 Cujacius
990 2929 1020 2989 in

80 3011 229 3079 Perusinis
251 3015 317 3078 Lib.
334 3015 348 3076 l
370 3014 500 3084 Codicis,
515 3013 574 3074 Tit.
594 3010 667 3090 vill
681 3011 755 3070 adeo
777 3009 868 3069 fnisse
890 3009 1022 3085 antiquis

81 3094 213 3161 Sanctum
237 3097 351 3160 Christi
374 3099 494 3175 signum
516 3113 550 3155 ac
566 3092 749 3159 venerabile,
764 3100 799 3150 nt
813 3093 847 3151 in
863 3090 1026 3150 istrumcn-

81 3178 111 3237 tis
118 3199 175 3259 pro
197 3179 254 3260 fide
275 3191 303 3241 ct
324 3179 538 3258 subscriptione
559 3174 686 3234 cederet.
704 3171 788 3233 Unde
802 3178 833 3232 et
847 3170 1024 3233 Theodorus

81 3258 229 3321 Bummm
252 3262 281 3322 in
303 3261 425 3323 Conone
446 3257 523 3320 xltl
545 3255 656 3334 Synodi
678 3254 921 3331 Carthaginensis
951 3253 1025 3312 scri-

81 3343 138 3415 psit:
162 3343 387 3423 Septuopcsima
409 3338 540 3403 secunda
561 3338 757 3415 Imperatoris
775 3335 900 3396 Domini
922 3330 1025 3396 [κοπίς

82 3426 211 3499 montis
232 3422 358 3486 Nouello
378 3424 495 3492 statuit,
517 3428 552 3480 ut
574 3416 778 3498 quodcumque
800 3419 968 3498 scripturn,
991 3417 1026 3477 in

83 3521 132 3579 quo
149 3505 336 3567 cononandus
358 3515 387 3566 ct
409 3503 546 3584 vivificae
572 3500 678 3565 crues
700 3498 799 3579 fipuro
821 3517 880 3579 prr
901 3515 1026 3557 manum

83 3587 208 3669 ejusqui
229 3586 532 3669 ipsamconrposuit,
554 3582 669 3662 compto
691 3590 752 3651 nt,
775 3580 898 3660 firmum
920 3586 948 3639 et
969 3579 1027 3638 irn-
