2567 4042
626 180 830 253 ’31118011ῑο

260 314 296 375 dr
319 309 425 372 Sacris
443 306 703 381 ordinationibus}
719 310 824 389 Capite
845 308 875 370 X
897 308 932 368 dc
955 310 1056 371 Sucru'
1068 306 1205 370 uncuou

260 394 397 456 Articulo
420 390 464 453 lv
485 390 504 455 i
525 392 569 452 lv
591 399 622 453 et
636 390 816 454 ArticuloV
838 390 927 465 slll.
949 390 1095 464 Quamvis
1118 392 1148 449 in
1163 389 1206 450 Sa

262 476 465 538 oramentario
486 473 518 534 S.
534 472 673 552 Gregorii
694 475 776 535 nulla
798 474 944 534 habeatur
967 474 1080 534 mentio
1104 472 1142 533 dc
1158 490 1207 532 un·

258 557 363 632 ctione,
379 575 525 617 manuum
546 554 696 635 Episcopo
718 557 748 616 in
771 573 825 617 sua
839 554 1036 615 Ordinatione
1054 553 1203 624 'iaciendo

259 644 344 703 extat
365 645 468 700 tamen
490 657 526 701 ca
548 638 739 700 caeremonia
760 638 842 697 etin
864 638 985 713 antiquo
1006 636 1144 696 Romano
1158 633 1207 695 Or·

257 722 339 793 dine,
364 725 395 781 et
416 722 446 780 in
470 720 575 797 priscis
596 718 845 790 PontificalibuS,
870 726 900 781 et
921 719 999 795 apud
1021 722 1207 796 pervetustus

256 803 411 865 Ecclesiae
442 804 617 878 scriptores.
640 802 719 875 Quid
746 820 783 861 ca
814 820 960 861 mannum
987 797 1206 877 Episcopalium

256 885 357 947 unctio
387 881 560 960 significet,
584 902 651 944 rem
679 885 718 943 ita
745 883 875 960 explicat
895 882 1096 951 Innocentius⁸
1110 879 1155 940 111
1180 882 1205 939 in

256 966 377 1027 laudato
398 964 504 1044 Capite
525 964 540 1025 1
562 964 598 1025 dc
622 962 720 1027 Sucro
742 961 895 1026 Unctioni:
916 962 975 1025 Por
995 980 1106 1023 nanus
1122 978 1207 1040 opcru

257 1047 486 1125 intoltipuntnr,
505 1048 602 1126 juata
622 1046 725 1108 illud:
749 1044 862 1107 Manus
884 1062 965 1106 mcor
988 1044 1206 1104 distillaverunt

255 1147 405 1207 myrram.
428 1125 540 1187 Manus
568 1129 665 1207 ipitur
697 1131 893 1205 insequatur
922 1128 985 1187 otro
1003 1127 1152 1205 pictatis,
1179 1133 1207 1184 nt

256 1206 420 1289 Episcopus
441 1220 577 1290 operetur
599 1212 709 1271 bonnm
737 1208 778 1269 nd
801 1227 924 1278 omncs,
949 1208 1082 1268 monim
1095 1214 1101 1225 '
1115 1217 1206 1267 auton

258 1290 299 1352 ud
320 1291 490 1353 domesticos
512 1288 609 1351 Fidei.
639 1294 678 1353 Et
700 1293 798 1353 inlra:
823 1290 934 1353 Manus
957 1289 1100 1369 Episcopi
1121 1288 1204 1347 iuun·

257 1384 389 1452 puntur,
413 1381 447 1432 nt
468 1372 641 1433 ostendatur
663 1374 797 1453 accipere
816 1381 988 1452 potestatem
1017 1368 1204 1431 benedicendi

257 1464 286 1515 ct
309 1454 514 1515 consecrandi.
539 1456 618 1517 Scite
640 1456 852 1533 sapienterque
879 1453 1009 1515 ostendit
1030 1449 1204 1512 Franciscns

254 1533 374 1598 Hallier
406 1534 442 1595 dc
464 1537 566 1598 Sacris
592 1533 864 1607 ordinationibus,
890 1536 942 1596 ubi
973 1535 1035 1613 agit
1066 1533 1106 1594 de
1128 1548 1204 1598 sacra

257 1619 407 1686 unctione,
432 1635 488 1676 non
511 1618 651 1679 sufficere
673 1615 847 1696 Episcopis,
872 1617 950 1693 quod
973 1634 1080 1676 eorum
1107 1616 1137 1675 in
1158 1614 1204 1675 Sa·

256 1698 389 1760 cerdotio
410 1716 516 1759 manns
538 1702 679 1761 inunctae
699 1700 824 1770 luerint,
840 1700 892 1760 sed
914 1700 1036 1765 iterum,
1055 1702 1128 1757 cnm
1143 1714 1205 1757 con·

252 1787 436 1849 ›sectantur,
464 1782 566 1858 inungi
589 1782 711 1847 debere,
735 1782 774 1841 ob
796 1780 997 1859 multiplicem
1017 1780 1098 1839 hanc
1123 1780 1204 1841 ratio

256 1880 337 1923 nem.
361 1858 462 1921 Primo
483 1864 618 1938 quidem,
636 1864 707 1941 quia
729 1864 766 1923 ad
784 1863 1020 1925 benedicendum
1037 1876 1204 1922 manusco

258 1962 329 2005 rum
350 1944 513 2007 sanctiores
528 1945 703 2007 efficiendae
726 1951 805 2005 sunt.
831 1944 977 2011 Secundo,
994 1944 1065 2019 quia
1087 1945 1127 2003 ad
1142 1959 1204 2019 opc·

258 2026 356 2087 rosius
379 2028 604 2098 ministerium,
628 2033 660 2089 et
681 2025 930 2087 honorificentius
952 2024 1083 2086 cilicium
1108 2040 1204 2085 conse

256 2112 391 2169 orantur.
416 2107 530 2176 Tertio,
554 2111 636 2187 quia,
661 2127 732 2169 cum
754 2125 825 2187 opes
840 2107 997 2169 Ecclesiae
1019 2107 1049 2163 in
1072 2107 1203 2185 ipsorum

256 2193 403 2269 potestate
430 2193 614 2260 consistant,
638 2188 787 2268 majorem
809 2189 954 2269 largiendi
986 2188 1102 2250 habent
1125 2204 1203 2249 occa·

258 2288 385 2333 smnem.

298 2352 352 2413 tv.
377 2351 526 2413 Baculum
545 2351 744 2425 Pastoralem,
769 2354 799 2411 in
821 2350 1052 2413 Consecratione
1067 2348 1203 2429 Episcopi

258 2434 430 2506 traditum,
455 2436 593 2511 pluribus
614 2440 754 2496 veterum
780 2434 1200 2510 testimoniiscomprobatur.

242 2515 425 2588 ,Concilium
445 2514 625 2578 Toletanum
646 2512 700 2586 lv,
724 2515 843 2577 Canone
862 2514 996 2585 XXVII,
1019 2512 1203 2577 restituendis

257 2596 413 2676 Episcopis
435 2615 509 2658 suae
531 2599 679 2675 dignitati,
697 2600 749 2675 qui
770 2600 944 2659 innocentes
966 2603 1034 2674 post
1049 2596 1204 2674 depositio·

231 2685 236 2723 ἰ
257 2698 328 2741 nem
350 2680 494 2740 declarati
517 2687 607 2748 sunt,
631 2684 709 2741 inter
731 2682 788 2741 alia
811 2678 994 2759 Episcopalis
1017 2678 1145 2757 insignia
1165 2675 1203 2736 di·

257 2762 402 2843 gnitatis,
425 2760 573 2823 Baculum
597 2762 681 2823 reddi
704 2763 871 2841 praecipit,
895 2763 964 2839 quia
987 2762 1102 2822 scilicet
1125 2760 1203 2819 illum

256 2861 388 2921 quoque,
412 2860 479 2903 cum
501 2843 721 2904 ordinarentur
732 2853 943 2922 perceperunt,
959 2840 990 2902 S.
1006 2841 1141 2903 isidorus
1158 2836 1203 2901 lli·

258 2925 412 3004 spalensiss
425 2923 494 2984 Lib.
519 2923 549 2984 11
570 2925 604 2983 dc
631 2924 740 3009 Officiis
755 2924 976 2990 Ecclesiasticis,
1000 2922 1149 3001 CapiteV
1169 2921 1203 2980 ri·
1258 2994 1259 3001 ἶ

256 3012 325 3068 tum
346 3005 586 3069 consecrationis
608 3007 746 3086 Episcopi
769 3004 939 3085 explicans,
963 3007 1000 3067 de
1023 3006 1127 3067 Baculi
1148 3009 1204 3064 tra·
1258 3002 1259 3057 l

256 3088 368 3151 ditione
389 3089 430 3151 ita
452 3088 565 3167 inquit:
589 3086 670 3149 Huic
693 3099 795 3150 autern
818 3085 1019 3169 (Episcopo),
1045 3087 1117 3147 duno
1140 3104 1204 3147 con·

257 3182 407 3241 secratur,
432 3169 526 3232 datur
541 3168 683 3239 Boculus.
701 3180 736 3229 ut
754 3172 822 3250 ‘ejus
844 3168 957 3229 indicio
979 3169 1131 3231 subditura
1142 3168 1202 3249 plc-
1258 3164 1259 3253 J

257 3252 320 3313 bern
340 3254 385 3313 uel
406 3262 502 3329 repat,
519 3253 564 3312 ccl
587 3253 789 3331 occupaturi
809 3250 1000 3331 infirmitates
1014 3250 1202 3331 infirmorum
1258 3256 1259 3298 l

239 3333 411 3397 sustineat.
435 3333 589 3410 inscripsit
611 3334 692 3398 hunc
709 3333 832 3408 quidem
849 3335 947 3395 locum
961 3333 1100 3412 synodus
1115 3329 1202 3408 Aqui·
1258 3304 1259 3391 i

259 3415 428 3493 sgranensis
449 3411 553 3491 Capite
575 3412 634 3496 IX.
658 3415 735 3476 Illud
757 3430 878 3493 qnoque
911 3415 947 3475 de
967 3416 1082 3477 Baculo
1105 3418 1203 3474 notan·
1258 3446 1259 3485 ,

142 3511 148 3517 ’
257 3497 331 3559 dum
354 3502 424 3567 est,
450 3494 480 3554 in
501 3495 615 3558 Ordine
636 3498 759 3574 antiquo
781 3496 914 3557 Romano
937 3497 1021 3576 prius
1043 3496 1118 3559 tradi
1139 3492 1203 3569 Epi·
1258 3492 1259 3523 ³

259 3583 350 3659 scopo
371 3576 529 3652 annulum,
545 3595 636 3658 qnam
658 3579 757 3659 ipsum
779 3577 937 3644 Baculum.
960 3577 1098 3659 ldquod
1116 3577 1202 3639 etiam
1258 3614 1259 3649 3
