2567 4042
503 158 707 233 metrae
786 119 789 127 ’

126 304 204 365 quoe
226 285 283 347 sibi
315 288 476 349 uirtutibus
497 287 569 347 aliie
591 287 798 365 praeferatur.
822 284 941 347 Habeat
963 286 1079 353 eleum,

126 377 161 427 ut
184 366 422 427 dumtordorcm
447 364 553 429 Sancti
577 367 713 449 Spiritus
734 369 768 427 ire
789 386 818 428 se
841 369 957 436 nulrit,
980 367 1080 427 lucere

124 450 311 508 osberneuler
332 450 401 509 aliis
420 452 610 529 perverbum
628 453 735 529 possit.
754 446 870 509 Habeat
885 450 1081 510 nibilominus

124 528 222 591 oleum
244 528 422 601 medicinae,
441 542 469 592 ct
489 534 638 611 sapienter
661 531 810 612 disponet,
826 531 958 610 qualiter
975 546 1082 609 peeca-

124 623 225 671 torum
245 612 375 690 foetores
397 620 504 691 serpat,
521 623 548 673 et
569 631 676 693 capras
691 621 799 675 meuses
820 611 1078 683 salutipeslituat.

122 689 227 755 Tertio
249 711 289 753 ex
310 692 417 755 eodem
432 695 591 772 Gregorio,
616 700 651 756 ul
672 694 725 755 soli
747 690 867 753 Christo
892 690 1079 753 deserviendi

123 794 217 836 causa
241 774 419 837 Sacerdotes
441 776 591 854 prinsipes
613 794 647 837 sc
668 776 847 841 constitutos
869 792 934 834 esse
957 774 1078 843 sciant,

122 856 255 933 ideoque
277 875 310 919 se
332 853 450 917 Christo
472 856 567 919 iactos
588 876 666 927 esse,
683 856 802 917 ChrIsto
825 852 1028 923 confirmatos,
1049 862 1080 916 ct

122 936 238 999 Christi
254 938 320 999 Ioco
332 941 509 1000 constilulos
519 939 697 1018 Intelligant.
707 936 834 1013 Quarto,
853 942 886 998 ut
896 936 983 997 docet
994 934 1080 996 Ama·

123 1019 220 1080 larius
236 1020 422 1081 Fortunatus
443 1019 511 1084 Lib.
529 1019 558 1081 II
581 1020 615 1079 de
630 1019 845 1082 Ecclesiastieis
864 1016 981 1101 Officiis,
1002 1016 1077 1097 Cap.

123 1098 219 1162 XIII.
239 1098 276 1162 Ut
293 1099 490 1163 Sacerdotem
499 1098 607 1163 mareas
622 1100 753 1163 mundae
768 1104 827 1163 siut
843 1100 884 1159 cd
897 1097 1080 1181 offerendam

122 1182 255 1245 bostiam
270 1181 343 1253 Deo,
366 1193 394 1243 ct
415 1183 518 1262 laruae
541 1183 581 1242 od
597 1193 716 1245 caetero
738 1181 834 1266 officia
852 1182 985 1263 pietatis.
1010 1180 1081 1241 Post

124 1283 244 1327 sacram
265 1264 519 1344 Presbyterorum
542 1266 712 1337 unctionem
735 1264 827 1326 tradit
840 1264 1007 1341 Episcopus
1021 1261 1080 1323 Or·

123 1347 234 1407 dicatis
256 1344 386 1409 Calicem
408 1364 478 1407 oum
500 1347 581 1416 vido,
605 1353 635 1408 et
658 1351 795 1427 patenam
821 1362 890 1425 cum
914 1345 1012 1404 oblata
1035 1343 1079 1405 di·

123 1446 216 1489 cens:
241 1426 349 1508 Accipe
367 1437 538 1508 potestatem
561 1426 668 1509 offerre
689 1426 879 1507 Sacrificium
901 1422 981 1494 Deo,
1005 1420 1079 1485 Mis·

124 1528 231 1589 sosque
254 1510 422 1579 celebrare,
448 1523 510 1571 tam
525 1530 584 1589 pro
597 1512 697 1583 ,oiuis,·
722 1526 812 1587 quom
829 1527 889 1588 pro
912 1505 1078 1587 defunctis:

125 1591 163 1651 Iu
184 1594 308 1652 nomiae
324 1592 459 1652 Domini.
474 1590 582 1651 Amen.
604 1590 737 1655 Exhibet
757 1590 835 1651 hanc
852 1588 1011 1649 formulam
1026 1604 1080 1649 vc·

127 1682 175 1736 Ius
197 1672 282 1733 Ordo
303 1672 467 1736 Romanus.
491 1672 713 1734 Documentum
749 1672 805 1733 hoe
827 1689 892 1731 esse
926 1671 1080 1749 potestatis

127 1759 269 1832 acceptae
291 1761 322 1815 et
344 1756 450 1833 pignus
470 1754 685 1828 exercendae,
709 1754 798 1817 docet
818 1750 909 1831 Hugo
931 1769 948 1811 a
970 1750 1000 1813 S.
1024 1750 1079 1811 Vi·

128 1844 211 1899 ctore
239 1834 331 1897 Libro
358 1836 388 1897 II
410 1835 445 1897 dc
470 1836 702 1905 Socramcutis,
730 1836 819 1899 Parte
841 1833 885 1895 III
907 1832 980 1911 Cap.
1003 1830 1076 1893 XII.

128 1917 312 1997 Accipiunt,
335 1918 456 1997 inquit,
479 1928 506 1978 el
531 1918 664 1980 Calicem
685 1936 752 1979 cum
775 1918 868 1982 uiuo,
893 1926 919 1975 et
935 1924 1081 1995 pateream

128 2020 195 2061 cum
209 2000 318 2062 ‚bestiis
340 1998 374 2059 de
395 2017 489 2060 mauu
503 1997 657 2081 Episcopi;
674 2009 821 2079 quatemus
843 1998 887 2058 lis
902 1997 1081 2057 iustrumeu·

128 2084 165 2143 tis
175 2090 353 2162 potestatem
374 2100 404 2141 se
419 2083 563 2162 accepisse
584 2090 749 2160 aquosccut
766 2079 930 2159 placabiles
945 2076 1007 2137 Deo
1029 2077 1080 2136 leo·

128 2166 198 2225 stiae
219 2161 376 2243 offerendi.
400 2162 515 2224 Eodem
537 2162 626 2222 modo
649 2163 782 2237 quuItur
797 2159 942 2239 Magister
958 2158 1080 2219 Senten-

128 2248 239 2307 barum
261 2244 328 2304 Lib.
352 2243 405 2315 IV,
429 2244 625 2305 Distinctione
648 2241 768 2305 XXIV.
1032 2282 1033 2285 =

166 2325 224 2387 IX.
254 2324 426 2405 Presbyteri
463 2332 494 2387 et
519 2322 661 2403 EpIsccpi
694 2342 797 2395 recens
829 2322 956 2383 ordInati
984 2320 1074 2381 stmul

128 2426 197 2469 cum
220 2405 373 2485 EpIscopo'
394 2406 550 2467 ordinante
572 2404 697 2467 Missam
719 2407 898 2476 celebrant,
922 2408 952 2465 ct
973 2420 1080 2464 conse·

129 2497 223 2558 crant,
246 2495 278 2551 et
298 2486 473 2549 sacrificatis
494 2488 684 2566 participant:
709 2506 746 2548 eo
769 2492 871 2563 tamen
894 2484 1078 2554 discrimine,
1148 2484 1150 2487 ’

128 2576 162 2633 ul
181 2570 354 2646 Presbyteri
376 2568 529 2649 Sacrfficio
551 2568 684 2647 adsunt,
701 2567 850 2648 genuflexi
878 2573 908 2628 et
935 2568 972 2645 ab
995 2563 1082 2625 altari

33 2681 36 2685 ν
128 2651 244 2718 dissiti„
257 2649 423 2729 Episcopus
437 2656 553 2733 autern.
571 2652 797 2713 consecratione
812 2667 865 2709 sua
888 2652 1021 2727 peracta,
1039 2646 1082 2707 nt:

129 2736 183 2795 tari
206 2734 385 2813 conjunctus
406 2734 504 2794 adstat
525 2750 584 2791 non
606 2750 693 2795 secus
715 2751 750 2793 ac
766 2748 957 2799 consecrans,
975 2734 1005 2789 et
1021 2726 1083 2788 uni·
1182 2772 1185 2777 .

129 2834 193 2877 carn
206 2813 347 2878 Hostiam
359 2816 640 2894 ambo-consecrant
655 2821 685 2875 et
696 2812 732 2874 de
748 2832 784 2875 ea
795 2811 985 2891 participant.
995 2808 1082 2869 Stan-

129 2905 173 2975 tes
194 2899 329 2976 insuper,
346 2915 404 2956 non
426 2900 460 2957 nl
482 2894 517 2954 fir
530 2895 620 2971 hodie
637 2895 820 2973 genuflexos,
839 2892 1079 2954 communicasse

129 2978 302 3048 cranaus,
322 2976 449 3055 probant
470 2975 584 3039 Isacius
598 2974 773 3047 HabertuS,
799 2976 829 3033 in
846 2975 924 3035 uotis
947 2971 988 3031 ael
1005 2968 1083 3031 Pou-

129 3061 239 3142 tificalc
264 3059 447 3124 Graecorum
462 3076 542 3139 pap.
567 3056 656 3131 220;
686 3054 838 3119 Henrieus
860 3054 1025 3121 VaIeSIus,
1048 3054 1096 3115 ia,

128 3144 207 3204 notis
222 3140 262 3203 ad
275 3138 437 3202 Eusebium
451 3138 518 3201 Lib.
534 3139 592 3201 VII
607 3136 681 3221 Cap.
698 3139 757 3211 IX;
774 3132 955 3205 ortonnes,
971 3132 1084 3217 Thiar-

129 3225 248 3293 sinsin
271 3221 374 3299 gallica
389 3219 603 3304 DIssertalione
625 3220 661 3301 de
676 3216 839 3283 Alter-ibus.
860 3216 907 3278 Ex
929 3215 1081 3294 praesenti

128 3304 249 3367 demum
270 3304 403 3366 Rubrica
436 3310 557 3365 cautum
580 3310 651 3374 est,
682 3309 716 3365 ul
736 3301 874 3363 Ordimti
902 3301 1080 3379 priusquam

129 3382 380 3449 CommunIonem
401 3394 544 3457 sumant,
567 3402 691 3447 manum
712 3383 852 3463 Episcopi
873 3378 1012 3441 HostIam
1037 3384 1081 3438 te-

27 3475 28 3530 I
131 3475 249 3531 nentem
270 3468 457 3529 osculentur.
481 3466 575 3548 Cujus
590 3468 667 3528 ritus
689 3463 798 3527 diserte
822 3463 961 3533 meminit
975 3477 1080 3521 manu·

133 3551 275 3630 scriptum
304 3547 478 3611 Pontificale
499 3548 671 3611 Romanum
702 3544 908 3609 Bibliothecae
936 3540 1082 3603 Colberti-
