2567 4042
467 194 693 272 sereres

82 328 215 389 fltionem
238 332 483 405 repraesentetur
505 330 711 390 reconciliatio
732 328 844 405 publici
867 330 1055 407 peccatoris3

101 412 184 470 sicut
205 411 235 469 in
258 409 376 487 publica
407 417 438 471 et
469 410 596 471 solemni
618 413 825 490 poenitentia,
853 417 885 472 et
906 414 1060 488 poeniten·

103 492 185 553 tium
207 492 449 553 reconciliatione
463 494 598 553 cinemm
620 512 695 554 usus
712 492 778 564 iuit3
796 495 836 554 ita
858 498 890 553 et·
903 493 951 554 hic
966 495 1057 554 etiam

101 572 223 634 cineres
255 574 448 637 adhibentur.
482 573 641 635 Similiter·
657 577 859 650 aspersorium
892 575 930 636 de
963 575 1058 636 herba

76 726 81 732 ,
101 655 229 736 hyssopi
253 656 388 722 iactum,
412 676 472 733 quo
493 674 571 732 aqua
594 656 750 716 Benedicta
778 659 963 735 aspergendo
983 664 1055 725 est,

46 796 58 815 ,
103 737 326 815 poenitentium
342 739 617 799 reconciliationem
640 738 772 807 denotat,
788 738 872 817 Juxta
895 738 964 800 illud
979 736 1058 797 Psal-

96 819 142 879 mi
156 816 201 878 lv
216 817 358 899 diperges
379 838 424 879 mc
438 822 568 901 hyssopo,
586 831 613 881 ct
627 819 807 881 mondcbor.
825 819 883 881 Sed
906 822 953 881 bis
968 820 1058 879 omis·

89 902 155 970 sis,
180 900 253 961 illud
276 900 423 961 hocloco
446 902 646 979 praetermitti
668 903 791 979 nequit,
816 903 954 978 quodque
977 902 1056 962 hano

96 984 293 1059 praesentem
315 982 474 1043 materiam
495 1002 690 1060 summopere
712 988 843 1060 spectat,
866 984 977 1046 violata
998 980 1058 1043 Ec-

97 1064 204 1135 clesia,
222 1065 367 1125 violatum
383 1066 500 1127 censeri
515 1069 546 1125 et
560 1064 797 1134 Coemeterium,
815 1069 873 1124 non
894 1084 967 1127 vero
983 1062 1058 1125 Coe·

95 1148 229 1207 meterio
243 1145 367 1225 polluto,
384 1148 551 1208 Ecclesiam
567 1150 682 1208 censeri
704 1147 933 1224 pollutam-uti.
945 1149 1059 1209 diserto

98 1228 190 1290 docet
212 1228 380 1288 Rodiiacius
403 1226 476 1290 vill
497 1230 526 1288 in
549 1228 622 1307 Cap.
647 1228 746 1295 unico,
765 1226 809 1286 De
827 1228 1056 1290 consecratione

98 1309 217 1371 :itteris
237 1314 273 1372 in
297 1307 348 1370 VI.
366 1309 446 1371 Vide
466 1310 608 1371 Canonici
624 1310 706 1371 luris
722 1308 890 1380 Gemellos,
908 1312 961 1388 qui
978 1310 1057 1369 hane

97 1410 167 1453 rem
189 1394 314 1453 uberius
336 1397 476 1453 tractant.
502 1391 671 1454 Orationes·
688 1388 895 1471 Omnipotens,
920 1402 948 1451 ct
970 1393 1057 1451 mise·

100 1476 199 1534 muers
220 1474 301 1533 Dect
323 1479 381 1532 etc.
408 1472 446 1535 Et
467 1475 557 1553 auser
578 1495 598 1533 o
618 1474 702 1534 nobis
725 1473 1055 1552 postcommunialem

100 1560 208 1615 extant
240 1557 271 1614 in
298 1553 435 1634 pluribus
464 1556 562 1615 Libris
589 1554 822 1615 Pontifiealibus.
854 1552 952 1615 Vetus
972 1553 1058 1613 Ordo
1118 1622 1121 1625 ,

98 1637 270 1704 Romanus,
294 1636 325 1694 in
348 1654 384 1697 eo
405 1636 493 1697 titulo
515 1638 670 1716 inscripto:
694 1635 910 1697 Reconciliatio
930 1636 1058 1696 violatae

97 1716 259 1787 Ecclesiae,
272 1717 405 1779 ⁴mandat
427 1720 560 1795 uiridem,
585 1727 620 1780 ut
640 1718 718 1780 duae
740 1720 891 1779 orationes
903 1718 1074 1786 dicanturt„

99 1800 153 1861 sed
178 1806 211 1861 ut
226 1801 359 1879 primum
374 1800 542 1863 efferantur
558 1800 727 1877 Reliquiae.
744 1799 885 1861 Cantatas
905 1798 967 1877 jam
983 1798 1056 1859 olim

96 1882 192 1942 luisse
214 1882 347 1942 Litanius
368 1884 398 1943 in
422 1882 665 1943 reconciliatione
680 1880 847 1953 Ecclesiae,
871 1882 982 1942 docent
1002 1898 1059 1943 nos

97 1962 189 2023 Libri
205 1962 405 2025 pontificales.
433 1961 539 2022 Finitis
562 1964 708 2032 Lilaeus,
732 1966 944 2041 praescribunt
964 1963 1056 2025 iidem

97 2046 184 2106 Libri
206 2044 406 2117 Pontificales,
430 2052 464 2105 ut
484 2042 652 2122 Episcopus
673 2045 765 2114 dicat,
793 2043 930 2113 Orcades,
955 2046 1058 2125 [lecte-

96 2146 172 2188 mcs·
188 2146 296 2207 genua,
313 2129 399 2188 Deus.
415 2128 468 2205 qui
478 2128 599 2205 peccati
611 2127 718 2186 veteris
739 2132 797 2187 etc.
813 2134 881 2201 post
902 2127 976 2184 alias
991 2142 1060 2185 ora·

98 2212 208 2280 tiones,
231 2209 353 2269 biissam
376 2209 562 2287 peculiarem
585 2211 613 2268 in
636 2207 879 2268 reconciliatione
901 2204 1058 2267 Ecclesiae

97 2291 195 2352 tuisse
217 2291 399 2352 celebratam
421 2295 597 2351 constater
620 2290 760 2367 pluribus
781 2288 880 2351 Libris
898 2286 1058 2365 Pontifica-

98 2372 192 2434 libus.
461 2402 464 2412 =
631 2408 636 2418 ·

463 2450 613 2515 ·.CAPUT
628 2441 690 2513 Ἦ.

102 2660 106 2669 -
210 2634 252 2677 DE
273 2631 506 2678 BENEELCTLONE
529 2629 682 2676 montenis
704 2630 782 2675 eost
806 2630 947 2675 enatent.
1000 2634 1016 2661 '·

144 2780 170 2840 l.
196 2778 267 2841 Euit
285 2779 400 2841 veteris
421 2776 602 2839 Testamenti
625 2776 700 2845 Lex,
719 2777 843 2839 Levitici
864 2774 977 2854 Cupite·
994 2773 1064 2839 xli,
1128 2843 1131 2849 ⁵

101 2862 257 2939 expressa,
275 2880 334 2938 qua
357 2857 467 2919 mulier
490 2865 556 2935 post
571 2863 692 2937 partum
715 2862 799 2918 certo
820 2860 938 2919 dierum
961 2856 1059 2933 spatio

102 2944 266 3006 arcebatur
289 2941 455 3018 aTemplo.
473 2940 560 3014 Quod
572 2942 696 3009 ¹interim
713 2939 823 3001 mulier
845 2939 959 3017 ingredi
971 2938 1058 2997 Tem·

101 3028 188 3105 plum
210 3044 269 3098 pon
293 3029 403 3103 posset,
420 3022 516 3082 donec
530 3022 730 3101 implerentur
751 3019 1056 3099 dies-purificationis,

100 3126 138 3169 ex
164 3110 227 3185 ipsa
250 3106 375 3167 Levitici
392 3106 472 3183 Lege
493 3106 650 3165 addiscere
672 3103 753 3164 licet.
776 3099 831 3163 Cui
854 3102 977 3179 quidem
999 3100 1057 3160 etsi

103 3188 236 3272 Deipara
258 3187 352 3266 Virgo
379 3186 516 3265 subjecta
539 3204 596 3246 non
618 3192 723 3251 esset,
746 3186 842 3245 voluit
859 3183 1057 3244 'nibilominus

104 3290 138 3333 se
161 3271 188 3331 ei
209 3288 247 3330 ex
269 3267 440 3329 bumilitate
462 3268 622 3346 subjicere,
648 3268 691 3327 uti
714 3266 824 3344 legitur
847 3266 876 3324 in
891 3263 1058 3343 Evangelio

106 3352 219 3424 Lucae,
236 3350 395 3428 Capitoli.
414 3349 516 3425 Atque
537 3349 607 3409 binc
623 3348 770 3425 originem
794 3348 922 3424 sumpsit
934 3345 1056 3426 Festum

103 3432 324 3496 Puribostionis
346 3431 541 3493 beatissimae
562 3430 677 3495 Mariae
698 3428 840 3507 Virginis.
864 3427 1056 3510 Quamquam

104 3524 178 3576 vcro
201 3515 345 3576 mulieres
376 3513 446 3574 novi
468 3511 651 3573 Testamenti
674 3512 835 3589 puerperio
857 3511 1058 3588 omnibusque

102 3596 276 3675 quae-titul
298 3601 548 3674 consequuntur,
571 3610 632 3653 non
654 3610 740 3655 secus
768 3610 804 3654 ac
825 3593 939 3655 veteris
953 3590 1058 3653 Teste·
