2567 4042
586 189 812 262 *2263*
934 253 936 258 ,

225 320 403 380 servabatur
425 320 454 378 in
476 317 748 382 communitatibus
770 320 921 380 silentium
944 322 1019 380 lenia
1034 321 1176 392 secunda,

223 406 331 475 quarta
346 405 376 460 et
397 406 503 470 sexta3
527 402 646 479 saepius
670 400 743 461 nibil
767 402 992 469 comedebatura
1012 401 1118 462 lllissas
1131 419 1190 462 so-·

226 482 341 542 lmnnes
363 501 421 542 non
443 483 540 542 solum
564 483 663 549 duas,
694 482 744 543 sed
767 483 857 544 etiam
881 489 943 544 tres
964 483 1104 545 dicebant
1126 481 1183 542 Ee-

225 563 333 624 clesiae
355 564 527 625 nonnullae.
544 563 636 624 Missa
658 566 695 625 de
710 561 826 644 jejunio
848 567 877 624 in
892 567 1075 644 paramentis
1090 565 1182 642 nigris

226 645 447 707 celebrabatur.
464 645 498 706 ln
521 646 700 720 quibusdam
718 645 863 724 Ecclesiis
885 647 1011 706 dabatur
1033 647 1183 716 absolutio

224 727 370 803 generalis
393 735 438 788 ter
462 731 490 787 in
514 727 713 794 bebdomada,
732 747 807 805 quaa
822 731 851 788 in
867 727 978 788 Missali
995 729 1185 788 Mazarabico

226 809 339 886 signata
368 816 415 870 est
436 807 524 869 Faria
547 817 656 886 quarta
678 816 709 871 et
732 809 861 872 Sabbata
888 817 955 887 post
981 810 1179 870 ullertorium.

225 891 361 955 lauduni
382 891 509 965 singulis
530 890 784 970 Quadragosimae
812 892 917 952 diebus
945 891 1035 951 fiebat
1063 892 1099 950 ad
1122 891 1189 961 Vs-v

224 990 328 1049 speras
350 974 486 1050 precatio
517 991 570 1048 pro
598 975 830 1051 poenitentibus.
854 971 995 1032 Canonici
1024 974 1183 1033 manduca-

222 1057 295 1114 bant
316 1054 404 1114 simul
435 1054 463 1112 in
488 1053 648 1115 refectorio
675 1074 729 1133 per
758 1062 850 1116 totam
883 1053 1179 1132 Quadragesimam,

223 1136 313 1196 etiam
338 1142 498 1211 postquam
527 1136 598 1196 lacti
627 1143 697 1198 sunt
719 1139 900 1198 saeculares.
924 1138 1021 1210 Quam
1042 1137 1183 1202 „maxime

222 1217 492 1278 commendebatur
506 1216 671 1288 Fidelilrus‚
694 1225 727 1278 ut
747 1217 894 1297 jejunium
916 1237 970 1296 per
986 1219 1072 1295 plura
1088 1219 1182 1295 pieta-

224 1301 264 1360 tis
284 1317 376 1378 opera
397 1299 645 1369 sanctificarent,
677 1318 805 1376 quorum
829 1303 1026 1378 praecipuum
1050 1299 1183 1360 habeba·

224 1388 275 1442 tur
297 1383 486 1452 conscentias
508 1384 636 1458 puritas,
655 1385 689 1440 ut
702 1380 849 1460 jejunium
866 1381 929 1444 Deo
952 1382 1046 1457 magis
1061 1389 1181 1458 gratum

221 1463 310 1525 fieret
332 1465 486 1540 magisque
506 1465 707 1533 meritoriuma
726 1469 908 1542 quapropter
924 1463 1179 1540 praecipiebatur,

222 1551 255 1608 ot
276 1545 465 1604 bebdomada
487 1552 556 1604 aute
577 1547 695 1606 initium
712 1543 967 1624 Quadragesimae
990 1549 1111 1621 peccata
1126 1561 1182 1604 sua

221 1626 373 1687 Sacerdoti
395 1629 560 1702 aperirent,
578 1646 637 1704 quo
653 1627 695 1686 illi
711 1631 762 1702 qui
776 1631 854 1688 iuter
871 1627 1055 1705 poenitentes
1070 1625 1179 1686 consti-

223 1708 279 1768 tuti
293 1715 468 1779 emanante
485 1707 598 1769 Pascba
615 1707 1182 1771 reconciliarentur.Commendabatur

222 1790 314 1850 etiam
331 1792 512 1852 continentia
529 1809 583 1868 per
602 1790 884 1868 Quadragesimam,
902 1791 1028 1866 ideoque
1051 1808 1109 1848 non
1132 1805 1183 1846 ce-

221 1871 415 1947 lebrabantur
437 1889 473 1932 eo
497 1877 630 1950 tempore
654 1874 801 1948 nuptiae,
833 1873 911 1949 quod
935 1890 1002 1930 ann.
1027 1869 1089 1932 370
1111 1871 1185 1928 veti·

222 1957 287 2012 tum
310 1956 356 2012 est
376 1971 394 2012 a
416 1953 550 2019 Concilio
573 1954 741 2014 laodiceno
770 1953 830 2016 Can
854 1953 895 2012 72
916 1951 987 2012 Non
1014 1963 1127 2032 oportet
1147 1952 1185 2016 ira

226 2031 467 2113 Quadroqesima
489 2039 612 2115 nuptiae
633 2037 790 2096 celebrare.
815 2036 945 2113 Singulis
971 2034 1077 2094 diebus
1099 2030 1184 2105 Qua-

219 2117 407 2194 dragesimae
429 2118 598 2178 habebatur
620 2118 649 2176 in
673 2115 795 2178 Oriente
819 2118 944 2196 Synaxis
976 2118 1023 2176 vel
1050 2114 1184 2192 Congre-

220 2199 299 2274 gatio
327 2200 355 2257 iu
378 2197 523 2258 Ecclesia.
548 2198 679 2274 Singulis
709 2216 828 2276 quoque
854 2199 959 2259 diebus
980 2195 1185 2273 Quadragesi-

219 2297 290 2340 mae
312 2280 575 2340 celebrabatur-in
598 2278 761 2344 Occidente
782 2279 969 2342 Sacrificium
987 2321 995 2346 ‚
1020 2281 1063 2339 uli
1086 2278 1184 2354 liquet

220 2379 258 2421 ex
276 2361 464 2422 Tertulliano
485 2367 516 2422 et
537 2360 568 2420 S.
586 2360 773 2430 Ambrosio,
797 2365 848 2440 qui
871 2364 900 2421 in
916 2359 1027 2420 Psalm.
1048 2358 1107 2419 118
1125 2360 1201 2428 ait,'

218 2443 301 2518 quod
324 2443 429 2503 diebus
450 2443 585 2503 stationis
606 2444 707 2502 statim
731 2449 796 2522 post
818 2445 974 2504 meridiem
998 2439 1089 2501 fiebat
1110 2457 1185 2500 con-

223 2525 357 2601 gregatio
378 2527 409 2584 in
431 2522 594 2590 Ecclestis,
617 2525 669 2584 ubi
690 2523 879 2586 Sacrificium
903 2527 931 2585 in
954 2539 1113 2583 commune
1135 2539 1185 2581 oe-

221 2605 411 2666 lebrabatur.
434 2605 654 2684 Tbeodulpbus
681 2607 721 2667 de·
740 2607 840 2668 Missis
863 2609 933 2684 agit,
957 2621 1034 2680 quae
1057 2605 1186 2679 singulis

220 2686 477 2764 Quadrageaimae
499 2689 606 2748 diebus
627 2688 815 2750 dicebantur.
832 2687 890 2749 Pro
912 2685 1036 2760 singulis
1058 2685 1185 2762 quibus-

220 2787 281 2845 que
309 2769 416 2830 diebus
437 2769 692 2848 Quadragesimae
723 2770 871 2831 habentur
887 2769 1011 2830 Missae
1041 2767 1184 2842 propriae

220 2853 250 2910 in
271 2851 515 2912 sacramentario
536 2852 568 2911 S.
592 2851 755 2930 Gregorii3
785 2855 815 2912 in
838 2849 951 2912 Missali
974 2847 1104 2908 Gothico
1131 2866 1183 2908 se-

220 2938 303 3009 ptem
324 2938 441 2994 tantum
464 2934 625 2995 habentur.
644 2933 677 2994 la
693 2933 816 2995 Oriente
838 2931 1100 3010 congregabantur
1118 2929 1185 2988 stn-

222 3015 298 3094 gulis
321 3015 446 3084 diebus3
470 3017 602 3092 itemque
624 3016 907 3082 communicabant.
927 3014 977 3073 sed
993 3008 1182 3093 Sacrificium

222 3113 279 3156 non
301 3097 511 3161 celebrabatur
533 3099 589 3159 nisi
613 3096 767 3157 Dominica
791 3100 821 3158 et
841 3095 981 3161 sabbato,
1005 3099 1039 3153 ut
1062 3093 1185 3152 adnota-

222 3185 287 3238 tum
311 3182 462 3240 cernimus
485 3199 579 3256 usque
600 3198 617 3238 a
635 3175 907 3256 temporaConcilii
920 3175 1087 3237 Laodiceni.
1102 3171 1185 3235 Cou-

223 3260 326 3320 cilium
341 3259 518 3322 Trullanum
533 3260 606 3321 Can.
624 3259 663 3320 tt
689 3258 874 3321 Sacrificium
891 3258 1038 3336 permittit
1051 3255 1099 3316 die
1116 3255 1182 3316 Au·

225 3343 418 3403 nuntiationis
450 3340 634 3418 Missamquo
656 3347 807 3403 memorat
829 3337 1176 3401 Praesertotifioatorum.

225 3421 499 3498 blultiplicabantur
521 3426 612 3485 etiam
635 3423 734 3484 ollioia
753 3425 782 3483 in
797 3422 1041 3499 Quadragesima.
1067 3416 1101 3476 ln
1116 3419 1180 3478 vita

226 3503 257 3563 S.
281 3503 409 3578 lldalrioi
432 3502 598 3584 Augustani
620 3502 759 3584 Episcopi
774 3505 917 3581 legitur,
947 3501 1028 3580 quod
1056 3505 1181 3576 praetor

225 3583 554 3658 Officiumllivinnm,
582 3585 663 3663 qnod
690 3588 753 3664 ipse
777 3583 908 3690 quotipie
930 3603 998 3646 cum
1022 3579 1183 3643 Canonicis
