2567 4042
617 179 848 252 wilfi&

254 311 383 389 ejusque
403 305 577 385 disciplinae
600 307 732 387 plurima
764 308 851 368 nobis
883 311 1048 366 occurrunt
1075 307 1203 384 exempla

253 392 284 451 in
307 389 391 450 Actis
413 387 605 451 Sanctorum.
629 389 742 462 Quinto
764 407 834 450 cnm
862 405 965 448 sacrae
982 387 1141 462 Reliquiae
1160 389 1204 448 ali·

253 489 315 550 qua
336 476 548 548 pernoctarent
570 472 601 532 in
622 467 783 540 Ecclesia,
809 487 958 546 nusquam
981 471 1043 530 sine
1067 467 1204 538 Sacerdo-

253 559 319 614 tum
340 553 533 630 psallentium
553 558 586 613 ct
607 553 758 613 orantium
787 551 925 612 custodia
955 551 1179 612 dimittebantur
1196 571 1202 619 ;

251 636 332 776 gpod
353 634 458 695 videre
480 641 527 695 cst
558 635 588 693 in
610 633 701 716 Libro
723 631 940 696 Miraculorum
963 631 994 692 S·
1018 629 1200 692 Columbini.

294 794 349 856 lll.
373 796 543 858 Notandum
576 802 642 865 est,
668 811 727 857 nun
759 813 865 856 omnes
886 795 1039 871 Reliquias
1068 813 1084 854 a
1108 799 1203 856 nostro

252 874 364 938 Rituali
388 877 558 956 designari,
582 877 634 937 sed
657 878 866 939 tantummodo
889 875 1037 954 Insiqnes.
1053 873 1203 948 Quaenam

251 976 324 1019 vero
347 958 486 1020 dicantur
507 956 663 1034 Reliquiae
685 960 835 1038 insignes,
853 957 1003 1018 habemus
1022 975 1060 1017 ex
1075 956 1205 1019 Garanto

252 1037 397 1102 Manuale
419 1038 742 1119 Episcoporomyore.
767 1039 914 1118 Reliquiae
939 1057 968 1097 n.
995 1037 1056 1107 1153
1081 1045 1204 1114 suntque

251 1117 375 1198 Corpus.
390 1123 564 1200 integrum,
580 1119 695 1198 Caput,
714 1121 879 1202 Brachium
894 1161 901 1188 ,
919 1118 1018 1190 Crus;
1036 1121 1146 1196 quibus
1161 1119 1203 1180 Sa·

250 1219 302 1261 cra
323 1201 448 1264 Rituum
470 1201 667 1280 congregatio
688 1202 801 1263 addidit
816 1207 940 1280 partem
955 1199 1038 1260 illam
1054 1199 1201 1280 Corporis,

250 1283 362 1360 inqua
383 1302 488 1361 passus
510 1288 556 1344 est
578 1283 718 1362 ltlartyr,
743 1285 831 1344 modo
864 1284 902 1344 sit
937 1285 1075 1362 integra,
1099 1290 1131 1345 ct
1154 1301 1203 1342 non

249 1366 353 1441 parva.
370 1365 438 1426 Hoc
461 1382 533 1441 prae
555 1366 665 1425 ceteris
687 1365 989 1427 animadvertendum
1013 1367 1203 1441 praemitten-

250 1446 384 1522 dumque
417 1451 489 1508 est:
513 1445 713 1506 antcomnia
746 1447 857 1508 debere
882 1445 948 1506 lieri
976 1447 1204 1524 recognitionem

249 1527 405 1602 Reliquiae
438 1545 493 1606 per
515 1526 731 1594 Ordinarium,
755 1534 786 1589 et
813 1529 888 1590 bene
921 1529 1088 1608 perpendi,
1114 1547 1151 1588 an
1173 1527 1203 1587 de

249 1607 422 1670 authentica
435 1609 571 1674 ¹veritate
587 1614 706 1671 constet
720 1609 881 1688 ejusdem,
905 1613 936 1668 et
957 1609 994 1669 de
1010 1609 1056 1668 his
1071 1609 1203 1669 omnibus

251 1687 402 1765 publicam
424 1691 655 1770 descriptionem
678 1695 708 1751 et
730 1691 945 1754 documentum
970 1708 1024 1766 per
1050 1688 1203 1752 Notarium

250 1769 318 1830 lieri
341 1771 464 1862 debpre,
482 1777 515 1832 ut
536 1776 613 1842 tuto,
630 1779 662 1832 et
677 1773 794 1834 sincere
809 1773 901 1852 possit
914 1771 1054 1848 Reliquia
1069 1773 1202 1834 transier-

251 1853 289 1920 ri‚
302 1857 333 1912 et
354 1853 462 1931 exponi
484 1853 604 1928 publico
625 1854 731 1914 cultui.
756 1852 898 1914 Ornanda
920 1859 1019 1913 autem
1043 1860 1089 1914 est
1113 1854 1203 1916 Eccle-

248 1935 304 2001 sia,
323 1941 411 2011 prout
433 1934 582 1996 ridebitur
603 1933 682 1995 illius
697 1934 830 2007 Rectori‚
844 1935 892 1996 vel
916 1934 970 2003 illi,
984 1935 1032 1993 cui
1048 1935 1204 2012 praecipua

249 2014 426 2093 hujusmodi
449 2016 650 2078 translationis
673 2033 746 2076 cura
768 2017 926 2097 incumbit,
944 2015 1018 2076 Viae
1033 2016 1109 2077 uero
1124 2017 1204 2096 juxta

247 2098 401 2177 pietatem,
415 2098 667 2174 devotionemque
690 2095 825 2160 fidelium
841 2103 995 2166 ornentur,
1010 2115 1144 2174 quorum
1165 2097 1204 2156 in·

248 2179 363 2240 dustria
378 2181 438 2242 crit
459 2179 604 2254 trophaea
626 2184 657 2239 et
673 2179 787 2256 insigna
802 2178 902 2240 Sancti
918 2177 1016 2246 illius,
1041 2179 1079 2240 de
1101 2197 1162 2256 quo
1175 2177 1204 2236 lit

248 2259 411 2328 translatio,
424 2277 586 2338 exponere,
603 2278 658 2321 nec
681 2277 740 2320 non
763 2262 900 2339 symbola
923 2261 1021 2320 eidem
1044 2278 1203 2338 congruon-

203 2365 205 2367 ’
249 2345 301 2410 tia,
318 2343 360 2402 uti
382 2345 522 2404 observat
543 2341 755 2402 Barrulaldus.
771 2341 918 2414 Quodait
932 2340 1054 2403 Ritualc
1072 2343 1109 2402 de
1125 2342 1204 2402 vesti·

249 2423 305 2483 bus
326 2424 385 2483 albi
408 2422 561 2500 rubeique.
574 2424 685 2483 coloris
708 2423 884 2484 adhibendis
899 2442 915 2482 a
932 2422 1162 2492 Sacerdotibus,
1178 2428 1204 2482 et

247 2504 401 2575 Ministris,
414 2511 486 2582 puto
508 2503 650 2580 equidem
672 2505 709 2564 ad
733 2521 784 2564 eos
806 2505 925 2571 reterri,
950 2503 1000 2580 qui
1024 2505 1203 2580 trophaeum

247 2583 409 2646 Sacrorum
439 2584 647 2661 Reliquiarum
679 2584 816 2664 gestanl3
846 2603 914 2646 narn
939 2584 1074 2662 reliquus
1099 2585 1203 2648 Clonus

247 2684 319 2728 cum
340 2667 574 2746 superpelliceo,
598 2666 678 2740 quod
695 2669 740 2726 est
755 2665 994 2728 ecclesiasticum
1016 2665 1202 2728 Clericorurn

247 2749 480 2815 indumentum,
504 2747 649 2824 procedit.
701 2760 703 2764 ·

286 2827 342 2890 lv.
366 2827 432 2890 Duo
455 2827 661 2890 tantummodo
684 2827 822 2902 colores,
846 2847 884 2890 ex
906 2829 1041 2906 quinque
1057 2829 1203 2892 Ecclesia·

245 2912 354 2979 sticis‚
377 2915 448 2971 sunt
479 2910 530 2985 qui
562 2909 696 2970 adhiberi
727 2916 851 2987 possunt
884 2911 913 2968 in
936 2909 1153 2980 Processione‚
1176 2917 1203 2972 et

245 2991 453 3054 Translatione
475 3007 577 3052 sacrae
599 2989 782 3067 Reliquiac3
807 2991 937 3068 demptis
959 2993 1039 3052 enim
1063 2993 1202 3073 Martyri·
1257 3033 1258 3060 ,

247 3073 325 3142 bus,
348 3071 457 3148 stillis
479 3072 645 3149 Reliquis,
670 3091 747 3149 quae
770 3074 806 3133 ad
829 3073 1017 3133 Dominicam
1034 3074 1201 3136 Passionem
1257 3109 1258 3158 q

246 3148 419 3230 pertinent,
444 3153 538 3212 ceteri
559 3152 670 3214 Sancti·
692 3155 913 3233 cujuscumque
941 3156 1056 3216 ordinis
1089 3156 1202 3218 hierar·
1257 3167 1258 3222 ζ

245 3233 324 3293 obici
346 3235 424 3304 sint,
448 3233 549 3292 colore
563 3234 631 3294 albo
653 3237 839 3298 consociandi
854 3239 924 3298 sunt
953 3241 1043 3314 atque
1066 3238 1134 3298 ideo
1148 3237 1203 3298 Ru·

244 3313 325 3374 brica
348 3315 419 3374 dicit
439 3313 509 3392 Albi
524 3333 538 3385 ,·
556 3313 603 3376 rel
624 3315 719 3375 Rubri
738 3317 855 3378 coloris.
879 3318 1056 3380 Luminaria
1077 3337 1200 3382 accensa
1257 3385 1258 3390 ,

244 3396 275 3454 in
297 3400 387 3455 mann
402 3397 538 3460 omnium
554 3396 780 3472 procedentium
802 3416 866 3460 csse
888 3399 1020 3460 debent:
1037 3419 1105 3461 cum
1122 3401 1200 3460 enirn

245 3475 436 3552 triumphalis
458 3477 498 3536 sit
518 3475 593 3538 hacc
616 3475 891 3550 Processimbaec
925 3481 1038 3542 lumina
1071 3483 1199 3560 speciem
1257 3499 1258 3502 ’

247 3555 394 3634 triumphi
417 3562 574 3623 renovant.
588 3556 793 3638 Antiphonae,
814 3561 950 3643 Hymni,
975 3567 1007 3626 ot
1027 3563 1137 3626 Psalmi
1152 3563 1201 3624 de-
