2567 4042
599 204 823 278 subibit&-

234 343 501 421 Martyrologium,
525 342 604 419 quod
627 342 717 403 bodie
739 344 831 405 etiam
853 346 881 404 in
904 342 1039 405 Archino
1060 340 1188 423 Capituli

234 432 453 496 conservatum
478 426 517 485 ita
541 429 574 484 nt
595 424 624 482 in
647 422 704 484 fine
728 426 840 485 saeculi
861 424 923 486 XV
947 428 1057 505 passim
1082 428 1110 485 in
1133 424 1187 485 ua-

234 507 333 603 ciesiis
362 526 418 567 non
441 506 521 567 eliud
550 506 800 586 iilartprologium
828 509 1001 587 legeretur,
1030 526 1122 587 quam
1152 505 1189 567 ll·

236 590 500 748 wdld'blultiplex
521 668 682 730 Usuardinl
705 668 914 750 Martyrologii
928 670 1019 732 editio
1037 670 1115 731 lacta
1130 676 1186 731 est:
1261 634 1262 641 ἵ

236 754 295 814 alia
317 753 431 813 scilieet
452 750 586 813 Venetiis
607 750 867 818 anno1lr98‚alia
891 772 908 813 a
929 754 1041 813 Ioanne
1057 754 1190 829 Baptista

235 920 282 977 vir
297 917 404 976 doctus
421 916 604 992 praedictum
628 916 721 976 edidit
736 916 987 995 Martyrologium
1009 918 1192 976 additamen-

237 1002 275 1058 tis
297 1005 508 1075 expurgatum,
533 1004 563 1058 et
578 998 756 1075 quotidianis
778 998 1039 1059 observationibus
1063 999 1191 1058 iliustra-

236 1088 323 1148 tum,
358 1080 400 1139 uti
422 1079 516 1139 videri
541 1085 635 1155 potest
659 1088 730 1140 torn.
755 1080 775 1139 7
798 1086 875 1157 part.
899 1080 919 1139 2
941 1079 1120 1141 Sanctorum
1142 1078 1192 1139 lu-

237 1164 289 1222 uii.
322 1160 526 1237 linitipiicatis
553 1163 664 1222 idcirco
698 1158 939 1241 iiartprologiis,
970 1180 1046 1237 quae
1069 1162 1191 1221 omnino

237 1244 371 1321 persecu
405 1250 435 1302 et
457 1246 616 1329 erroribus
632 1260 726 1303 vacua
761 1262 816 1303 nou
840 1253 945 1313 erent,
969 1242 1086 1303 Summi
1115 1241 1193 1302 Pon-

239 1325 337 1387 tifices
365 1327 567 1387 necessarium
594 1343 659 1386 esse
688 1326 839 1386 duxerunt
859 1324 993 1402 parare,
1025 1330 1057 1384 ut
1082 1323 1190 1395 fieret,

237 1415 382 1483 quantum
405 1405 471 1467 lieri
496 1414 633 1484 poterat,
664 1408 755 1467 editio
778 1407 984 1485 blartyrologii
1013 1407 1141 1467 correcti
1165 1408 1192 1465 in

238 1490 377 1548 omnibns
399 1488 541 1549 Ecclesiis
564 1490 691 1565 legendi.
717 1487 795 1547 Cura
819 1490 918 1563 itaque
942 1489 1016 1547 haee
1038 1506 1055 1546 a
1077 1486 1193 1566 Grego-

238 1573 282 1627 rio
304 1569 379 1629 Xlll
401 1569 587 1632 demandata
605 1570 661 1630 luit
682 1570 773 1630 Silvio
802 1572 970 1631 Antoniano
1000 1575 1070 1629 ωηο
1098 1568 1194 1629 Cano-

239 1653 305 1709 nico
326 1651 426 1711 Sancti
448 1651 551 1722 Petri,
575 1653 682 1713 deiude
705 1652 733 1711 in
758 1652 884 1713 Sacrum
905 1650 1109 1711 Cardinalium
1126 1650 1194 1711 Col-

238 1733 348 1808 loginm
370 1738 535 1809 cooptato,
559 1734 691 1795 Roberto
715 1734 896 1793 Bellarmino
919 1740 989 1794 tunc
1011 1731 1193 1811 Presbytero

237 1814 398 1874 Societatis
419 1813 508 1881 lesu,
532 1816 651 1876 Caesari
674 1815 801 1875 Baronio
826 1820 895 1876 ωηο
919 1811 1100 1891 Presbytero
1116 1812 1193 1875 Ora·

237 1898 317 1961 torii,
342 1898 448 1957 deinde
470 1896 661 1958 Cardioalitia
683 1897 824 1975 dignitate
847 1897 992 1975 insignitis
1014 1914 1030 1955 a
1053 1894 1191 1957 Clemen-

238 1984 267 2036 te
290 1977 373 2047 Vlll,
383 1978 555 2058 ‘Lndomco
565 1981 602 2039 de
618 1980 729 2039 Torres
746 1984 815 2038 ωηο
830 1978 1066 2055 Archiepiscopo
1083 1978 1193 2038 ltlontis

236 2057 357 2137 Regalis
380 2062 409 2119 in
432 2060 541 2129 Sicilia,
560 2062 665 2122 deinde
688 2060 834 2123 Cardinali
857 2062 912 2122 sub
928 2056 1072 2127 Pauloil,
1089 2059 1194 2121 loanni

237 2140 385 2218 Baptistae
408 2144 539 2203 Bandino
562 2143 711 2204 Canonico
733 2141 764 2201 S.
791 2140 890 2214 Petri,
922 2136 1064 2202 illichaoli
1090 2140 1192 2202 Gbisi·

236 2224 312 2283 lerio
326 2223 483 2293 Theatino,
501 2232 531 2286 et
545 2226 753 2285 bartolomaeo
764 2222 898 2284 Garanto
911 2222 1098 2305 Barnabitae.
1116 2224 1194 2285 Cum

236 2324 310 2365 vero
332 2306 396 2366 tere
411 2306 440 2364 iu
456 2308 593 2368 omnibus
615 2306 756 2367 Ecclesiis
771 2307 922 2383 legeretur
941 2304 1192 2383 Martyrologium

237 2385 378 2453 Usuerdl,
402 2395 587 2449 correctores
609 2407 645 2447 eo
662 2390 703 2448 uti
720 2393 799 2447 sunt.
825 2385 857 2446 ln
880 2386 1064 2465 corrigendis
1087 2393 1192 2447 autem

237 2470 402 2541 erroribus,
427 2472 478 2546 qui
501 2472 694 2547 irrepserant
720 2471 764 2529 usi
781 2476 850 2531 sunt
866 2469 1091 2547 Martyrologio,
1109 2466 1190 2545 quod

236 2557 306 2611 tunc
329 2551 428 2611 Bedae
451 2553 652 2617 credebatur,
683 2554 757 2612 item
779 2550 1026 2633 lilartprologium
1050 2551 1190 2627 autiquae

205 2658 215 2699 r
236 2630 388 2694 Ecclesiae
410 2631 509 2693 Sancti
532 2634 662 2711 Cyriaci,
679 2634 707 2691 in
724 2634 772 2690 via
793 2632 879 2703 Late,
904 2634 974 2693 item
999 2650 1056 2691 ono
1078 2650 1115 2691 ex
1131 2630 1193 2691 lile·

236 2713 359 2791 nologiis
387 2714 513 2776 Graecis
540 2716 683 2775 latinitate
705 2714 820 2774 donatis
847 2734 864 2775 a
887 2714 1044 2777 Cardinale
1069 2713 1189 2774 Sirleto·¹

235 2796 372 2873 Denique
393 2796 530 2857 hortante
552 2796 702 2863 Baronio,
732 2796 825 2856 additi·
845 2802 913 2857 sunt
934 2796 1034 2856 Sancti
1066 2814 1102 2855 ex
1120 2794 1191 2871 ,Μο-

235 2879 354 2955 nologio
375 2871 535 2955 desumpti,
559 2880 614 2954 qui
634 2882 703 2938 ante
727 2878 857 2939 schisma
872 2897 889 2938 a
905 2876 1028 2939 Graecis
1050 2874 1189 2937 coleban-

235 2966 306 3027 tur,
330 2960 440 3037 aliique
463 2960 595 3020 nonnulli
618 2979 656 3021 ex
677 2958 811 3031 Latinis,
836 2979 965 3037 quorum
982 2958 1074 3020 tiebat
1089 2956 1192 3019 lauda-

234 3042 302 3101 bilis
323 3060 339 3101 a
362 3040 499 3101 Patribus
520 3042 780 3109 commemoratio,
804 3047 834 3103 et
856 3044 1005 3119 signanter
1027 3058 1044 3099 a
1067 3040 1098 3100 S.
1116 3038 1191 3100 Gre-

233 3125 318 3201 gorio
340 3126 369 3182 in
393 3124 537 3201 Diolopls.
562 3119 685 3201 Triplex
707 3123 783 3183 lacte
805 3129 851 3185 est
872 3124 962 3184 editio
984 3123 1052 3183 novi
1074 3124 1190 3200 Marty-

232 3206 339 3283 rologii
361 3207 513 3273 correcti;
548 3206 621 3275 sed,
657 3223 727 3265 cum
751 3206 846 3282 prima
869 3212 900 3267 et
921 3205 1052 3265 secunda
1076 3203 1192 3265 mendis

234 3292 394 3354 scaterent,
418 3289 522 3364 perior
545 3292 576 3348 et
596 3288 742 3349 sincerior
757 3287 859 3347 habita
875 3296 921 3348 est
936 3284 995 3352 illa,
1020 3286 1193 3363 quaefacta

232 3377 277 3429 est
299 3388 377 3429 anno
392 3366 493 3440 ibbb
518 3367 683 3445 Gregorius
706 3367 783 3429 Xlll
805 3370 835 3428 in
856 3370 918 3429 suis
939 3368 1059 3429 Litteris
1082 3366 1192 3446 praeii-

233 3452 279 3509 xis
300 3448 518 3529 lilartyrologio
539 3449 673 3513 Romano
695 3457 831 3512 correcto
854 3446 1026 3521 mandarit,
1045 3456 1079 3509 ut
1093 3449 1123 3509 in
1139 3467 1192 3527 pe·

146 3591 149 3596 .
229 3532 364 3607 regendo
385 3532 497 3591 Divino
517 3530 662 3594 ia-Choro
677 3532 796 3603 (illicio,
820 3533 901 3593 ornni
924 3533 983 3593 alio
996 3530 1193 3591 amotolllar-

231 3613 398 3690 tyrologio‚
424 3631 460 3672 eo
482 3618 597 3673 tantum
620 3621 756 3677 correcto
778 3620 961 3684 uterentur,
986 3610 1068 3674 nulla
1086 3630 1122 3673 re
1137 3612 1191 3673 ad·
