2567 4042
602 146 805 219 esttibi&-

229 274 351 337 Domini
373 291 432 334 non
454 273 640 353 genuflexus,
657 276 710 337 sed
731 283 812 337 stans
835 276 884 339 ille
904 279 1002 354 capite
1023 279 1183 351 inclinato,

225 359 260 417 in
282 356 472 418 reverentiae
492 363 715 435 argumentum,
732 365 801 421 ante
824 360 920 436 ipsum
942 360 1050 432 altare,
1075 363 1185 425 eodem

226 440 366 517 corporis
385 438 447 499 situ
469 457 528 515 quc
550 439 759 508 Consecrator,
777 443 1040 511 communicabat
1060 444 1097 503 ad
1113 462 1179 522 per·

226 523 340 582 tectam
361 538 433 581 oum
455 519 670 583 Consecratorc
692 523 918 585 similitudinem
952 528 1005 603 per
1027 534 1181 587 consecra·

223 604 341 665 tionem
361 621 448 664 suam
482 604 637 664 traductus
661 621 726 666 esse
748 605 911 676 videatur3
933 624 1004 666 cum
1033 615 1180 670 econtra

228 686 290 747 tim
312 685 514 755 Sacerdotes,
540 703 632 762 quam
654 684 802 769 Diatoai,
834 704 890 747 non
919 689 947 747 in
976 689 1041 765 ipso
1064 690 1179 761 altari,

226 768 372 830 sed-ante
400 766 495 827 altare
524 766 675 846 genullexi
703 788 741 829 ex
763 770 918 830 communi
937 769 1115 833 Latinorum
1138 772 1185 832 di·

222 850 354 927 scipliua
376 851 603 910 communicare
622 848 798 927 jubeantur.
1269 918 1270 927 χ

266 932 314 993 V:
331 930 408 991 Data
424 931 630 991 benedictione
647 932 677 990 in
692 932 878 1011 Episcopalis
892 930 1096 995 Ordinationis
1111 933 1180 997 Mis-

222 1032 275 1085 -sa,
297 1014 500 1075 Consecrator
522 1013 673 1074 benedicit
694 1014 826 1084 Mittam,
851 1033 977 1091 eamque
1000 1017 1091 1092 capiti
1113 1018 1183 1077 nori
1269 1046 1270 1079 1

229 1096 371 1174 Episcopi
392 1095 529 1172 imponit.
559 1095 699 1156 Meminit
720 1114 790 1156 sane
813 1094 877 1173 ajars
908 1096 983 1156 ritus
1006 1094 1181 1159 Pontificale

221 1177 443 1255 Mogentinum
467 1176 496 1238 in
511 1196 570 1253 quo
585 1180 678 1237 etiam
694 1178 730 1236 ad
748 1178 967 1253 impositionem
982 1176 1092 1241 Mitras
1107 1180 1182 1241 baec

229 1258 360 1319 formula
383 1264 569 1319 recensetur:
590 1257 671 1320 Pone
686 1262 804 1337 sipnam
826 1261 970 1339 incapite
992 1268 1052 1331 tao,
1069 1270 1104 1322 at
1119 1264 1183 1323 rnal-

224 1341 292 1402 dam
315 1348 439 1421 praeter
458 1341 556 1417 ipsam
578 1340 675 1401 Deam
701 1342 874 1404 Creatorem
907 1351 992 1401 taam
1014 1351 1183 1405 amatorem

230 1422 374 1484 admittas
396 1424 431 1482 in
452 1427 571 1484 nomine
582 1422 715 1483 Domini.
734 1422 834 1501 Lange
857 1427 924 1483 ante
942 1430 1054 1483 annum
1069 1425 1183 1486 Christi
1269 1480 1270 1485 ,

231 1506 428 1567 millesimum
443 1500 618 1565 Chirotecas
632 1503 780 1583 Episcopo
795 1506 919 1565 traditas
935 1505 1072 1583 religiose
1088 1506 1181 1569 luisse

229 1589 259 1645 in
282 1606 337 1647 sua
359 1586 592 1649 eonsecratione
613 1592 730 1647 constat
750 1604 790 1647 ex
812 1585 943 1665 pluribus
956 1584 1183 1651 Pontificalibus

222 1666 338 1727 Libris.
355 1667 496 1744 Legimus
512 1670 622 1746 quippe
637 1670 666 1727 in
683 1670 804 1745 antiquo
819 1667 931 1730 Ordine
941 1666 1090 1741 Romano,
1109 1672 1181 1733 dum

225 1748 350 1809 Electus
372 1748 538 1809 Clrirotecis
565 1751 702 1810 induitur
717 1752 796 1811 hanc
810 1751 868 1811 dici
884 1751 921 1811 ab
944 1750 1008 1811 aliis
1022 1752 1181 1832 Episcopis

226 1830 414 1892 Orationem:
431 1831 611 1891 immensam
630 1831 828 1894 Clementiam
842 1832 935 1903 triam,
953 1835 1142 1913 omnipotens
1156 1844 1182 1895 et

225 1914 359 1991 piissime
371 1912 462 1982 Deae,
476 1913 632 1975 humiliter
646 1933 795 1993 rapamas,
808 1923 841 1974 nt
853 1933 962 1975 manas
973 1915 1181 1997 bajasfamnli

225 1998 283 2066 tui,
306 1998 384 2056 sicut
404 1993 539 2056 caterius
561 1995 754 2057 obducantur
775 1998 903 2057 manicis
923 1996 1014 2070 istis,
1038 1998 1080 2057 sic
1103 2000 1181 2058 inte·

224 2080 291 2138 rias
312 2089 511 2156 asperpantar
531 2076 636 2152 facore
652 2086 720 2138 tuae
735 2077 954 2148 benedictionis,
968 2088 1002 2139 at
1025 2097 1182 2157 quaecum

226 2158 427 2240 praeperans
448 2158 658 2231 benedicenda,
682 2161 726 2219 ael
750 2158 953 2220 consecranda
975 2168 1053 2229 sant,
1071 2180 1134 2239 per
1154 2174 1179 2223 te

226 2242 452 2308 benedicantur,
478 2250 505 2301 et
525 2250 744 2301 consecrentur.
768 2238 827 2301 Per
849 2240 982 2302 eamdem
1005 2253 1056 2303 etc.
1084 2244 1180 2303 Porro

226 2341 282 2400 per
302 2323 493 2394 chirotecas,
517 2326 699 2394 castitatem,
724 2326 755 2383 et
775 2324 953 2385 munditiam
975 2324 1121 2392 denotari,
1148 2332 1181 2387 ut

227 2424 345 2476 manus,
363 2410 394 2465 et
408 2406 596 2481 operationes
612 2404 753 2483 Episcopi
770 2408 827 2465 sint
841 2406 980 2475 mundae,
998 2413 1029 2467 et
1042 2407 1079 2466 ab
1095 2408 1179 2468 omni

228 2486 317 2546 sorde
338 2488 498 2550 immunes.
516 2486 603 2546 docet
617 2486 796 2549 Guillelmus
811 2485 971 2548 Durandus
993 2488 1021 2546 in
1044 2506 1098 2549 suo
1115 2488 1176 2549 Ro·

226 2568 339 2627 tionali
358 2565 425 2625 Lib.
449 2566 493 2628 111
515 2567 588 2647 Cap.
605 2567 647 2629 Il.
671 2568 789 2643 Quanta
810 2570 883 2630 olim
903 2572 972 2629 c'um
994 2588 1114 2648 pompa,
1139 2572 1178 2630 ri·

226 2654 319 2725 tuque
341 2649 566 2727 religiosissimo
588 2668 683 2712 novus
704 2650 838 2713 antistes
859 2653 889 2710 in
910 2650 1080 2731 Episcopo&
1101 2651 1178 2713 Sede

227 2731 454 2800 collocaretur,
489 2730 561 2792 satis
588 2732 767 2809 abundeque
801 2734 885 2793 nobis
915 2732 1081 2810 significant
1111 2739 1177 2795 tum

224 2810 309 2872 Libri
329 2810 542 2883 Pontificales,
576 2820 639 2875 tum
663 2820 782 2877 veteres
804 2813 912 2876 Graeci
935 2832 1030 2891 aeque
1058 2833 1093 2875 ao
1120 2815 1179 2876 La-

225 2895 280 2955 tini
301 2893 479 2971 Scriptores.
503 2894 581 2955 lllud
604 2914 723 2975 quoque
745 2894 899 2958 addiscere
920 2893 992 2958 licet
1013 2914 1051 2957 ex
1072 2894 1177 2958 Eccle-

225 2977 289 3037 siae
310 2976 507 3055 scriptoribus
528 2980 733 3054 pervstustis,
764 2996 880 3064 morem
904 2978 994 3040 luisse
1018 2979 1105 3057 plane
1129 2980 1177 3040 an-

226 3058 455 3135 tiquissimum,
480 3062 513 3118 ut
534 3077 630 3120 natus
653 3058 819 3137 Episcopus
846 3061 875 3120 in
899 3060 1012 3129 ¹throno
1036 3065 1173 3139 positu'S,

227 3141 306 3209 lecta
326 3140 419 3201 Sacra
440 3138 606 3216 Scriptura,
631 3159 804 3203 sermonem
826 3143 855 3201 in
878 3160 945 3203 eam
967 3143 1099 3205 iaceret:
1124 3145 1175 3222 qui

225 3240 334 3283 sermo.
347 3222 588 3295 ¹erttltronicticnc·
616 3241 633 3283 a
656 3231 792 3299 tempore
814 3231 845 3285 et
866 3225 1097 3287 circumstantiis
1116 3269 1123 3297 ,
1142 3226 1174 3284 'in

138 3344 142 3353 -
224 3303 337 3381 quibus
358 3305 481 3375 babitus
503 3308 592 3375 erat,
616 3305 834 3384 appellabatur.
859 3306 1047 3381 Quamquam
1075 3313 1183 3383 autem¹

224 3384 305 3446 sacri
326 3385 457 3465 hymni,
480 3390 511 3445 et
533 3385 655 3447 Cantica
677 3392 744 3463 past
764 3386 989 3449 Ordinationem
1011 3389 1174 3469 Episcopo-

224 3485 358 3545 porum,
381 3467 454 3527 dum
476 3468 505 3526 in
527 3467 638 3530 throno
660 3469 878 3541 collocaretur,
909 3470 975 3530 cani
1003 3472 1116 3549 passim
1144 3472 1174 3531 in

222 3547 361 3611 Ecclesia
383 3550 606 3622 consueverint,
631 3568 695 3612 mos
718 3556 818 3613 tamen
839 3550 905 3627 suit,
928 3558 961 3614 ut
982 3553 1170 3633 potissimum
