2567 4042
447 224 674 295 witwi-

63 354 125 411 bur
144 354 181 413 in
202 351 389 432 particulari
409 349 474 412 tto.
498 352 520 412 1
538 352 613 431 Cap.
639 352 776 416 XV.--A
793 372 851 430 quo
873 352 1040 428 composita

63 434 169 495 inerit
192 434 377 510 antiphona,
402 452 479 511 quae
502 436 550 495 his
571 435 672 495 re'rbis
694 436 822 512 incipit:
847 434 902 493 dvc
922 431 1041 512 Regina

68 516 255 582 caetorum.
281 518 477 593 ignoramus:
500 518 622 595 antiqua
644 522 689 577 est
712 524 833 587 tamen,
857 524 887 575 et
908 516 946 574 ab
967 516 1039 593 ipsis

64 597 139 659 fere
162 599 290 659 instituti
306 596 428 658 Ordinis
443 600 583 670 exordiis,
607 619 624 658 a
640 598 846 659 Franciscanis
860 598 1034 660 currebatur.

64 679 106 739 ln
130 677 244 739 Officio
265 680 458 741 Beatissimae
479 680 612 759 Virginis
634 680 754 742 Parisiis
783 682 837 741 sub
860 679 951 739 finem
974 697 1039 740 sae·

67 762 136 822 curli
154 760 218 821 XV
242 780 295 837 per
317 765 496 842 Dionysium
518 762 645 825 Messier
666 764 757 829 edito,
782 763 878 823 mutto
895 761 1039 837 proiixior

68 850 120 904 est
143 844 309 920 antiphona
332 846 398 907 ista.
423 845 629 921 Antiphonem
652 845 769 923 Rapina
786 844 874 907 Casti
893 841 1040 919 aGrego·
1072 904 1075 911 ,

71 924 112 985 rii
129 924 233 1001 Magni
258 927 441 1003 temporibus
463 945 559 1002 usque
581 928 739 987 derivant:
764 925 849 1003 ajunt
870 923 1039 985 enim'iire·

69 1008 194 1083 gotium
218 1007 389 1085 Magnum,
418 1009 492 1069 dum
515 1008 628 1069 Romae
652 1009 715 1069 ines
736 1008 968 1074 dominabatur,
998 1006 1036 1066 ad

71 1104 146 1148 eam
160 1091 367 1160 avertendam,
384 1092 549 1152 soiemnem
560 1091 822 1167 supplicationem,
835 1090 935 1165 inqua
949 1094 1036 1164 prae·
1070 1106 1072 1111 ·

28 1204 31 1215 ·
72 1170 260 1231 stanttssima
283 1171 397 1235 Mariae
420 1175 518 1253 imago
541 1173 639 1233 delata
662 1178 731 1238 est,
756 1172 927 1231 instituisse.
952 1169 1037 1243 Quae

28 1267 30 1274 ’
74 1252 233 1327 processio
255 1253 326 1312 dum
349 1262 503 1332 ageretur,
527 1256 565 1314 ab
586 1272 623 1314 eo
646 1256 724 1324 loeo,
748 1270 904 1329 perquem
921 1250 1036 1313 Mariae

28 1371 32 1407 7
76 1332 280 1394 Sanctisimae
291 1336 486 1397 deferebatur
500 1338 611 1415 imago,
630 1334 694 1397 lues
710 1335 895 1413 abigebatur.
913 1331 946 1390 ld
963 1333 1037 1393 dum

28 1470 30 1491 ,
74 1413 177 1482 fieret,
202 1416 352 1479 audivisse
373 1416 555 1497 Gregorium
577 1418 710 1495 Angelos
731 1436 824 1483 eam,
848 1432 939 1491 quam
963 1414 1038 1473 dici-

28 1536 32 1576 ,
75 1514 169 1564 mus,
194 1499 387 1575 autiphonam
418 1503 454 1561 ad
476 1518 512 1559 ea
535 1516 631 1577 usque
654 1499 766 1567 verba,
792 1514 847 1557 ora
869 1514 928 1574 pro
953 1496 1037 1555 nobit

28 1623 32 1657 ἰ
75 1580 281 1639 concinentes.
306 1582 339 1641 td
361 1583 512 1643 affirmant
539 1581 726 1650 Duraudus,
756 1581 822 1640 Lib.
846 1576 889 1637 vl
915 1575 1038 1636 Divino-

28 1706 29 1718 .
76 1678 149 1719 ram
176 1657 341 1743 officiorum
362 1663 435 1741 Cap.
459 1662 501 1722 89
523 1681 607 1724 num.
630 1663 674 1734 23
698 1662 845 1728 Canisiua,
869 1659 913 1719 De
930 1655 1036 1718 ittarta

28 1727 32 1741 u

27 1791 32 1823 i

27 1875 31 1908 t

27 1955 32 1991 t

27 2035 33 2075 Ι

80 1742 207 1819 Virpirte
229 1743 294 1803 Lib.
320 1743 347 1803 V
368 1746 439 1824 Cap.
465 1743 529 1814 Q·
551 1743 705 1823 Sigonius,
729 1746 794 1805 Lib.
820 1741 847 1802 ΙΙ
870 1742 906 1799 do
923 1738 1032 1818 ‘Regno

78 1821 196 1884 Italiae.
220 1824 261 1884 nt
275 1829 407 1887 narratio
428 1828 505 1887 haec
526 1828 556 1885 in
571 1827 751 1887 Criticorum
774 1823 971 1886 offensionem
989 1822 1034 1881 in-

78 1905 163 1976 cidit,
187 1924 285 1982 neque
307 1908 427 1968 itioruur
450 1910 658 1969 tantummodo
679 1906 858 1968 criticorum
882 1904 1036 1981 generice

79 1987 243 2063 displicuit,
266 1991 318 2065 qui
341 1993 389 2051 uti
400 1999 547 2079 putentur
561 1991 676 2071 sapere,
702 1992 816 2050 ructum
842 1990 1034 2062 vituperant,

29 2127 32 2136 ,
79 2068 247 2131 sedetiam
272 2072 418 2141 iiiorum,
442 2088 517 2149 quos
539 2073 704 2149 prudentes
729 2078 760 2133 et
786 2070 873 2132 mites
896 2068 1033 2126 dicimus.

26 2697 32 2735 t

81 2150 218 2213 Siccam
243 2170 331 2230 porro
354 2153 449 2231 rejicit
479 2154 667 2213 doctissimus
689 2156 740 2214 itte
762 2152 794 2212 S.
812 2151 909 2211 blauri
932 2146 1037 2207 Mona·

83 2232 171 2303 chub
192 2234 245 2311 <tui
262 2236 355 2295 vitam
372 2235 403 2295 S.
420 2234 559 2311 Gregorii
581 2236 678 2313 Papae
701 2232 888 2307 conscripsit.
913 2227 1036 2305 adjecit·

83 2333 142 2391 qne
155 2316 295 2393 operibus
309 2318 447 2396 ejusdem
461 2316 494 2377 S.
512 2315 608 2376 Patris
629 2336 646 2376 a
668 2336 702 2378 se
717 2318 803 2379 editis
823 2312 859 2372 T.
874 2310 916 2372 tv
939 2309 1005 2371 Lib.
1023 2309 1036 2370 i

83 2394 189 2473 (3³1st
211 2416 279 2475 pag.
302 2397 364 2458 217
383 2399 457 2461 edit.
476 2397 585 2459 Venct.
609 2397 747 2477 lgnotum
771 2399 872 2472 itaque
886 2392 1036 2454 fateamur

27 2481 28 2487 ’
84 2483 200 2555 oportet
221 2479 347 2558 hujusce
369 2479 549 2557 antiphonae
571 2488 738 2550 auctorem,
756 2495 846 2557 quem
862 2482 962 2547 tamen
984 2492 1037 2535 ve·

84 2565 194 2621 tustmn
216 2578 252 2621 ac
275 2564 358 2640 pium
381 2564 405 2622 si
427 2563 533 2633 dicas,
555 2580 574 2620 a
596 2564 723 2623 veritate
747 2579 803 2621 non
826 2558 989 2617 aberrabis.

125 2639 177 2702 111.
192 2642 297 2716 Quoad
313 2645 507 2720 antiphonam
530 2644 618 2705 Saloe
640 2642 779 2723 Rapina,
803 2658 859 2701 non
884 2639 988 2700 eadent
1004 2656 1038 2698 ο-

27 2787 28 2790 ,
84 2725 195 2783 muium
211 2726 248 2785 de
264 2724 389 2802 hujusce
404 2725 585 2801 antiphonae
596 2730 719 2786 auctore
731 2724 831 2802 opinio
843 2718 1036 2780 cst.hbHer·

27 2803 32 2814 ”
86 2822 190 2865 nranno
201 2806 359 2867 Contracto
371 2802 567 2883 compositam
590 2803 727 2883 plerique
741 2809 858 2881 putant:
871 2802 919 2861 atii
932 2802 963 2862 S.
973 2803 1034 2861 hn-

27 2945 32 2979 s
87 2885 177 2946 selmo
191 2884 396 2949 Cantuariensi
414 2888 532 2948 taudem
549 2888 628 2946 hanc
645 2887 791 2947 tribuunt.
810 2884 936 2945 APetro
947 2882 1036 2942 Com·

87 2966 248 3045 posteiiano
261 2968 408 3046 Episcopo
430 2970 524 3029 inisse
544 2970 742 3047 compositam
765 2966 972 3043 antiphonam,
996 2965 1034 3026 dc

88 3066 143 3124 qua
159 3049 286 3127 agimus,
302 3052 433 3111 affirmat
448 3049 641 3111 Guiiiieimus
658 3049 818 3109 Drrrandus
834 3051 862 3107 in
880 3046 1037 3106 Rationatt'
1076 3084 1083 3099 ·

27 3131 32 3197 j
88 3129 757 3215 DiuinorumOffirr'ornm1.ib.lVCap.22.
783 3130 815 3189 ln
833 3131 943 3189 eadem
955 3142 1034 3187 aen·
1071 3118 1076 3128 ’

26 3197 32 3309 J
87 3213 172 3273 tenta
193 3219 241 3275 est
260 3213 402 3274 Ctaudius
433 3232 449 3273 a
472 3211 549 3273 Rota
569 3215 605 3272 tn
626 3212 871 3277 adnotationibus
893 3208 933 3268 cd
956 3212 1036 3268 Pseu·

27 3331 31 3366 ,
89 3290 352 3373 tio-luitprandum
373 3312 446 3374 pag.
468 3293 543 3355 451.
569 3295 617 3355 Ab
637 3292 785 3353 Haimero
807 3291 942 3352 Podiensi
966 3288 1037 3368 Epir·

26 3371 31 3470 J
89 3395 170 3456 scopo
190 3378 283 3437 tuisse
305 3377 512 3455 antiphonam,
536 3376 575 3437 da
589 3394 649 3455 qua
672 3376 811 3451 agimus,
832 3372 1032 3451 compositam
1057 3400 1059 3405 s

93 3459 243 3520 hibericas
263 3460 293 3517 in
318 3458 468 3521 Chronico
490 3456 531 3517 ad
545 3476 661 3518 annum
686 3457 767 3517 1130
788 3456 927 3523 affirmat.
942 3453 1035 3515 ...rr

27 3579 28 3584 κ
92 3539 207 3603 loannes
216 3538 374 3601 Heremita
387 3539 453 3600 tit.
467 3539 495 3600 ΙΙ
509 3541 589 3600 uitae
600 3540 631 3601 S.
646 3536 865 3599 bernardini
878 3532 1037 3615 pag.1b19

26 3605 29 3700 f
91 3620 119 3684 V
137 3620 175 3683 1¹1
194 3622 326 3701 Angelos
347 3622 467 3684 ridetur
488 3627 629 3683 auctores
653 3618 777 3699 hujusce
793 3619 976 3699 antiphonae
991 3616 1034 3677 ia·
