2567 4042
483 195 714 271 &wide

109 335 177 394 suis
199 336 228 392 in
250 337 324 394 sna'e
345 330 499 392 Ecclesiae
521 331 614 391 choro
636 330 786 396 canebat,
816 332 956 390 recitaret
977 333 1067 390 etiam
1121 339 1136 349 “’

109 417 251 492 privatim
273 413 379 474 Officia
412 413 446 473 B.
472 412 630 490 Virginis,
658 411 689 471 S.
714 409 844 479 Crucis,
873 419 904 471 et
930 415 1066 473 omnium
1124 420 1127 424 ’

109 497 304 562 Sanctorum,
328 503 360 556 et
381 493 574 555 Psalterium.
593 493 700 555 Preces
723 495 869 570 longiores
892 494 920 552 in
936 493 1070 566 Quadra·
1172 553 1173 556 ,

100 581 225 656 ‘gesima
247 577 558 647 commendabantur,
589 583 620 636 et
640 575 747 634 Ollicio
778 576 836 635 diei
860 575 907 634 vel
929 575 1069 636 Officium

112 661 358 728 Il'elunctorum,
385 654 445 719 uel
465 665 578 737 septem
605 655 716 738 Psalmi
738 654 992 725 Poenitentiales‚
1021 657 1069 717 vel

113 742 225 803 Psalmi
246 739 412 802 Graduales
434 741 698 820 adjungebantrir3
722 737 882 800 utilomae
906 738 1003 798 adbuc
1024 738 1068 808 nl,

58 856 62 862 ·
113 830 146 884 et
168 824 305 899 pluribus
327 823 496 884 Ordinariis
517 822 713 900 praecipitur.
779 878 781 882 ,

156 905 211 966 lX.
237 904 368 982 Singulis
390 904 645 983 Quadragesimae
677 912 708 965 et
734 909 864 980 quatuor
886 899 1071 980 Temporum

112 988 210 1057 feriis,
225 985 341 1046 Romae
363 987 530 1046 habebatur
544 985 637 1047 Statio
660 1005 712 1047 son
737 987 908 1063 processio;
934 985 961 1042 in
978 1002 1069 1047 unam

115 1069 336 1130 conveniebant
356 1066 536 1137 Ecclesiam,
548 1067 577 1125 in
600 1067 726 1127 alteram
744 1070 813 1128 ituri
829 1069 864 1128 ad
882 1069 1004 1127 Missam
1022 1085 1071 1126 ce-

113 1151 300 1212 lebrandam.
325 1149 358 1210 ln
381 1151 444 1209 istis
465 1149 706 1229 processionibus
728 1149 809 1208 ibant
838 1151 922 1209 nudis
945 1150 1070 1227 pedibus

111 1250 167 1310 per
188 1233 281 1301 viam,
305 1238 335 1293 et
356 1229 494 1291 Pontifex
516 1233 580 1306 ipse
601 1247 633 1295 se
657 1230 857 1292 excalceabat.
878 1229 1070 1291 Pervetustns

113 1315 171 1374 luit
185 1332 256 1373 usus
271 1314 352 1372 nulla
364 1313 534 1372 celebrandi
549 1312 626 1372 testa
639 1313 668 1370 in
683 1310 929 1386 Quadragesima,
939 1313 989 1386 qui
1006 1312 1070 1387 qui-

113 1397 212 1456 deme
228 1395 362 1454 Concilio
379 1393 546 1453 Laodiceuo
558 1395 637 1452 circa
650 1411 761 1452 annum
779 1391 839 1451 360
854 1389 926 1450 Can.
937 1391 973 1451 bl
993 1411 1070 1450 com·

113 1477 272 1538 mendatus
287 1481 343 1536 est:
361 1473 525 1550 Quodam
537 1484 671 1553 oporteat
682 1475 716 1532 in
735 1471 972 1550 Qucdropesimo
988 1469 1071 1533 Mor·

113 1571 216 1637 aprum
237 1555 359 1618 Natales
384 1574 551 1636 peregero,
580 1556 631 1616 ced
654 1557 832 1630 Sanctorum
857 1554 1071 1615 Commemora-

116 1641 211 1700 tiones
231 1639 266 1698 in
287 1639 422 1700 Sattacts
449 1650 475 1698 ct
498 1639 675 1698 Dominicis.
700 1635 809 1716 lei-unii
843 1637 992 1696 moestitia
1014 1653 1071 1696 uon

114 1721 272 1781 ridebatur
301 1718 441 1796 conjungi
472 1738 559 1796 posse
587 1737 656 1779 cum
686 1714 876 1779 solemnitate
900 1717 1069 1778 Fastorum.

114 1802 175 1864 lste
189 1803 290 1863 Canon
306 1802 429 1862 Concilii
444 1801 605 1864 Laodiceni
619 1801 714 1878 viguit
736 1802 818 1860 omni
835 1806 970 1879 ternpore
993 1801 1071 1879 apud

70 1922 74 1928 ·
116 1882 259 1953 Graecos,
277 1885 332 1960 qul
340 1881 463 1944 Festum
487 1883 676 1944 solummodo
688 1882 929 1942 denuntiationis
951 1883 981 1940 in
996 1883 1073 1955 Qua·

116 1967 316 2043 dragesimam
340 1967 529 2025 invenerunt.
544 1966 702 2026 Balsemon
718 1963 875 2024 duodecim
889 1963 1004 2024 Sacculi
1021 1981 1074 2024 au-

117 2052 184 2108 ctor
206 2046 311 2115 relert,
332 2047 416 2123 quod
439 2048 468 2104 in
491 2045 681 2107 lllouasteriis
703 2045 760 2105 hoo
783 2048 874 2106 etiam
897 2049 995 2105 aetate
1019 2063 1072 2104 sua

118 2129 307 2200 serrabatur,
321 2146 339 2186 a
354 2129 465 2204 quibus
479 2129 720 2207 anticipabantur
735 2127 938 2188 solemnitates
954 2128 982 2185 in
995 2125 1075 2198 Qua-

116 2213 284 2288 dragesima
307 2215 527 2281 occurrentes,
557 2219 589 2272 et
616 2213 686 2270 ante
704 2206 975 2286 Quadragesimam
999 2208 1074 2268 cele·

117 2295 292 2352 brabantnr.
315 2292 448 2368 idipsum
476 2297 508 2352 et
536 2293 613 2371 apud
636 2291 757 2352 Latinos
787 2291 898 2372 diutius
919 2293 1074 2350 servatum

118 2381 174 2446 est,
200 2382 234 2435 nt
256 2375 349 2450 liquet
370 2375 549 2450 praesertim
572 2393 609 2434 err
631 2371 765 2434 Concilio
781 2372 925 2432 Toletano
948 2389 996 2430 an.
1016 2367 1077 2430 ott

119 2477 135 2516 a
151 2473 211 2533 quo
222 2454 344 2516 Festum
358 2454 597 2516 ennuntiationis
612 2461 759 2515 statutum
775 2460 820 2514 est
830 2459 935 2513 octavo
949 2453 997 2513 die
1008 2458 1076 2512 ante

117 2537 237 2607 Natale,
255 2555 292 2597 ne
307 2537 421 2598 scilicet
444 2536 501 2596 tale
517 2534 641 2597 Festum
658 2537 704 2596 vel
723 2551 778 2614 per
792 2534 1070 2613 Quadragesimam,

120 2621 169 2682 vel
194 2636 247 2694 per
268 2617 415 2680 Pascbale
438 2625 556 2695 tempus
583 2618 799 2695 impediretur,
831 2633 889 2692 quo
911 2624 1073 2692 ternpore,

121 2709 156 2762 ut
176 2701 217 2760 ait
239 2697 404 2761 Concilium
427 2698 500 2759 Can.
519 2698 543 2769 l,
560 2700 674 2776 antiqui
690 2699 826 2760 Canones
847 2699 928 2758 nulla
951 2698 1008 2757 alia
1032 2695 1075 2755 lo·

120 2790 165 2844 sta
189 2782 335 2843 celebrari
357 2784 547 2858 permittunt.
564 2782 709 2842 Radullus
723 2779 906 2857 Tungrensis
928 2777 1017 2852 Prop.
1038 2777 1076 2836 10

108 2863 158 2924 'cle
178 2866 238 2923 ritu
261 2862 398 2924 Romano
421 2863 545 2938 loquens
567 2868 716 2932 testatur,
744 2860 822 2938 quod
846 2861 962 2922 nullum
985 2859 1077 2920 fiebat

119 2943 191 3005 oli'm
212 2943 335 3006 Festum
358 2947 387 3005 in
405 2943 640 3020 Quadragesima
654 2967 664 3016 3¹
686 2944 764 3020 qnod
782 2941 975 3002 linnrrntiatio
999 2940 1077 3002 cele-

122 3028 267 3088 brabatur
288 3031 357 3088 ante
380 3025 511 3095 Natale,
543 3024 666 3086 Festum
696 3023 726 3085 S.
751 3023 889 3102 Gregorii
910 3023 1008 3100 Papae
1030 3023 1078 3084 die

59 3131 67 3146 ·
124 3107 212 3170 tertia
234 3108 445 3185 Septembris3
475 3106 596 3168 Festum
620 3107 651 3167 S.
675 3107 827 3167 Benedicti
852 3115 952 3166 mense
974 3105 1073 3177 lulio;

121 3191 175 3252 sod
197 3195 354 3267 postquam
368 3191 481 3250 Rornae
504 3190 649 3250 translata
671 3194 718 3250 est
732 3188 924 3248 Annuntiatio
947 3187 975 3245 in
997 3205 1078 3248 man·

122 3289 186 3333 sem
202 3271 358 3339 Martiam,
376 3272 492 3347 reliqua
515 3270 590 3332 testa
612 3273 710 3332 eidem
734 3273 830 3330 mensi
853 3267 991 3330 restituta
1007 3274 1076 3345 sunt

96 3358 99 3363 '
114 3357 245 3430 >praeter
265 3352 296 3412 S.
311 3353 518 3423 Ambrosium,
536 3356 585 3430 qui
600 3353 761 3415 Mediolani
784 3358 814 3412 et
828 3351 943 3412 Romae
958 3369 1077 3410 reman-

118 3436 163 3495 sit
183 3451 287 3494 mense
310 3431 496 3501 Decembri,
521 3434 592 3496 licet
612 3436 722 3496 obierit
753 3433 801 3495 die
824 3440 929 3510 quarta
952 3427 1075 3510 Aprilis.

124 3517 213 3594 Apud
235 3515 379 3578 loannem
402 3514 617 3577 Abrincensem
645 3515 801 3578 undecimo
823 3515 942 3576 saeculo
969 3514 1078 3592 degen-

114 3597 186 3658 tem
205 3598 324 3675 legitur,
341 3598 420 3674 qnod
442 3603 542 3658 aetate
556 3616 609 3661 sna
633 3600 748 3660 nullum
768 3597 862 3660 tiebat
877 3593 999 3658 Festum
1023 3615 1078 3675 per

893 3696 907 3724 4
