2567 4042
608 179 832 252 nuatum·

251 316 377 382 tacetur,
402 312 510 371 docent
533 327 584 372 nos
607 313 746 388 permulti
768 313 880 389 antiqui
903 309 1027 372 Codices
1048 308 1194 372 Rituales‘.

196 423 211 440 ·
249 392 440 472 Quamquam
455 393 573 452 Rituale
595 394 670 454 nihil
687 395 766 455 dicat
785 395 823 454 de
838 394 981 463 vestibus,
1004 393 1114 469 qulbus
1127 398 1198 453 tnnc

248 475 372 537 indutus
394 494 459 538 esse
483 473 633 536 Parochus
656 477 783 543 debeat,
812 494 881 536 cum
910 477 947 536 ad
970 476 1198 536 Sacramentum

248 558 346 634 ipsum
362 559 522 620 Extremae
538 554 692 619 Unctionis
705 558 972 620 administrandum
987 557 1113 625 accedit,
1127 575 1199 617 con·

247 641 370 702 veniunt
392 646 491 700 tamen
514 638 646 700 Rituales
670 641 777 718 passim
799 639 924 703 Codices
945 640 1136 703 recentiores,
1159 659 1197 700 ac

248 719 358 800 Synodi
381 741 451 784 cum
468 719 600 782 Concilio
621 721 800 784 Provinciali
820 722 1032 784 Mediolanensi
1058 719 1099 780 tv
1122 719 1198 781 San-

247 805 287 864 cti
309 801 418 874 Caroli,
443 807 472 864 iu
494 822 554 879 quo
575 803 714 872 edicitur,
737 815 773 866 ut
793 803 913 866 occedot
934 802 1012 864 illud
1036 803 1196 862 ministro·

247 895 336 946 torus
361 885 453 953 Stolo,
477 893 508 946 et
529 885 744 966 superpelliceo
765 885 902 946 indotos.
927 886 1009 946 lderu
1032 886 1143 962 legitur
1163 886 1194 944 iu

245 965 382 1045 ejusdem
405 969 435 1030 S.
449 965 547 1027 Caroli
562 966 822 1037 lustructionibus,
847 969 1009 1045 exquibus
1030 969 1121 1028 etiam
1144 967 1197 1027 ad-

247 1049 390 1110 discimus
413 1049 524 1110 Stolam
548 1050 659 1111 debere
681 1069 747 1112 esse
762 1050 886 1111 violacei
902 1050 1020 1110 coloris.
1044 1047 1196 1109 Decenter

246 1149 299 1191 vas
321 1133 417 1210 ipsum
441 1131 559 1192 sacculo
581 1134 677 1194 serico
697 1132 822 1194 violacei
845 1132 948 1194 itidem
970 1132 1078 1192 coloris
1100 1131 1196 1191 inclu-

246 1231 325 1280 sum,
351 1221 497 1290 cauteque
519 1212 726 1282 delerendum,
750 1234 786 1276 ne
808 1214 918 1276 ellundi
942 1214 1062 1292 possit·
1266 1206 1267 1231 ³

287 1293 329 1354 X.
352 1296 540 1358 Conveniunt
560 1315 666 1358 omues
694 1298 722 1356 io
749 1314 820 1356 eum
842 1298 934 1358 ritum
961 1295 1127 1372 pervetusti
1147 1311 1196 1354 re-

244 1380 451 1454 centioresque
473 1377 555 1436 Libri
576 1377 730 1449 Rituales,
752 1385 802 1446 ut,
826 1387 1081 1456 complementum
1100 1378 1197 1455 [uerit

244 1459 286 1518 od
307 1461 420 1530 lorum,
444 1461 494 1519 ubi
511 1462 592 1539 joret
611 1461 770 1535 infirmos,
794 1459 937 1520 Sacerdos
958 1461 1077 1519 intrans
1103 1458 1196 1520 Cati·

245 1544 343 1602 culum
358 1540 450 1602 dicat:
464 1539 531 1600 Puer
550 1543 617 1603 lroic
632 1542 743 1609 domui,
757 1549 953 1620 aspergatque
969 1560 1036 1603 cum
1052 1557 1131 1616 aqua
1147 1540 1196 1602 be-

244 1623 358 1684 nedicta
373 1622 527 1682 infirmum
550 1625 979 1701 circumstantesque.Legitur
1001 1625 1077 1682 haec
1092 1640 1197 1700 asper·

243 1704 287 1764 sio
302 1707 330 1764 in
347 1706 484 1765 omnibus
506 1707 719 1780 antiquissimis
735 1703 915 1766 Ritualibus.
929 1705 1077 1778 erouinm
1091 1711 1195 1765 autem

243 1785 316 1847 nibil
339 1785 524 1848 Sacramenti
547 1789 672 1863 gratiam
695 1788 790 1865 magis
812 1788 951 1864 impedit,
975 1806 1066 1864 quam
1090 1787 1196 1847 morti·

242 1867 299 1928 leri
314 1867 441 1946 aliqu'us
455 1870 570 1947 peccati
581 1871 891 1937 conscientia,idcirco
907 1871 933 1927 iu
949 1886 984 1928 eo
998 1869 1195 1929 ministrando
1268 1904 1269 1909 κ

242 1949 271 2008 id
288 1951 476 2027 potissimum
499 1950 634 2012 llituales
659 1951 783 2014 Codices
805 1952 970 2028 pervetusti
997 1950 1196 2012 recentiores·

242 2050 310 2108 que,
334 2050 368 2094 ao
389 2040 545 2111 praeterea
568 2051 669 2094 sacrae
691 2033 801 2112 Synodi
826 2034 983 2101 r'nandant,
1007 2039 1061 2098 ut,
1086 2031 1194 2092 silleri

242 2120 350 2190 potest,
375 2112 511 2177 infirmus
527 2132 583 2174 nou
599 2121 669 2176 aute
684 2117 855 2191 inungatur,
878 2133 969 2191 quam
987 2121 1107 2190 peccata
1122 2133 1196 2174 con-

241 2195 337 2257 fessus
358 2197 417 2263 sit,
441 2216 474 2257 ac
498 2200 654 2274 praeterea
677 2215 802 2261 sacram,
816 2195 1036 2257 Eucharistiam
1058 2215 1195 2272 sumpse·

243 2279 293 2336 rit.
317 2277 439 2338 Constat
462 2279 490 2338 id
512 2278 632 2353 quidem
657 2298 714 2338 nou
739 2279 825 2338 modo
853 2297 890 2338 ex
913 2276 1102 2338 Catecbismo
1128 2279 1194 2336 Tri-

242 2359 354 2421 dentini
377 2359 520 2424 Consilii,
544 2357 631 2422 Parte
655 2359 683 2420 ll
705 2359 749 2418 De
775 2359 935 2420 Eutremoe
962 2357 1111 2422 Uoccionis
1138 2359 1194 2419 So·

241 2450 404 2508 cramento,
429 2459 535 2502 verum
558 2442 649 2502 etiarn
672 2461 710 2503 ex
721 2443 810 2501 variis
832 2441 1010 2509 thnalibus‚
1034 2442 1193 2518 librisque

242 2521 517 2584 Sacramentorum.
540 2523 708 2584 Notandum
732 2525 781 2584 bic
803 2523 874 2584 illud
897 2541 1027 2593 censeo,
1051 2525 1143 2602 quod,
1168 2526 1193 2583 si

241 2605 338 2664 morbi
361 2605 406 2664 vis
427 2605 468 2663 ita
484 2607 628 2684 impediat
648 2612 815 2685 aegrotum,
840 2612 872 2666 ut
893 2604 1027 2666 confiteri
1050 2625 1109 2666 non
1124 2625 1193 2684 pos-

241 2687 299 2754 sit,
324 2704 394 2746 euru
417 2685 559 2747 Sacerdos
585 2690 718 2753 excitare
739 2688 848 2757 debet,
878 2693 912 2748 ut
932 2705 1037 2748 verum
1065 2707 1192 2749 suorum

240 2773 433 2846 peccatorum
455 2769 587 2830 dolorem
611 2771 770 2846 concipiat,
796 2787 961 2847 eorumque
982 2771 1192 2830 remissionem

161 2889 165 2896 ·
240 2851 281 2911 ita
304 2851 458 2928 percipere
480 2857 640 2912 mereatur.

281 2932 339 2993 Xl.
356 2931 550 2994 Consuevisse
565 2934 635 2994 olim
652 2933 803 3012 praemitti
816 2929 976 2996 Extremae
990 2932 1127 2994 Unctioni
1146 2935 1192 2993 in·

239 3013 400 3075 firmorum
422 3014 519 3074 varlas
543 3033 647 3092 preces
668 3017 890 3091 orationesque,
914 3021 1030 3075 constat
1052 3035 1088 3076 ex
1111 3016 1190 3076 mul·

239 3098 278 3158 tis
299 3098 427 3175 antiquis
442 3095 702 3159 Sacramentorum
720 3097 827 3156 Libris.
851 3095 961 3158 Notata
976 3097 1098 3175 dignum
1115 3096 1189 3178 illud

240 3195 360 3244 censeo,
377 3181 566 3240 consuevisse
589 3180 659 3239 olim
682 3187 720 3237 ex
741 3179 896 3240 variorum
919 3178 1080 3239 Ritualium
1104 3196 1189 3256 prae·

220 3263 351 3338 scripto
366 3258 448 3322 Fidei
460 3261 672 3336 professionem
689 3257 851 3322 Extremae
867 3261 936 3322 lruic
950 3258 1086 3323 Unctioni
1103 3277 1189 3338 prae·
1269 3332 1270 3335 Ἴ

239 3343 328 3403 mitti.
353 3343 439 3404 Ritus
460 3344 588 3420 ungendi
611 3341 721 3402 insumi
744 3361 848 3404 sensus
870 3345 899 3402 in
921 3344 1042 3403 modurn
1065 3341 1183 3410 Crucis,

239 3427 406 3484 communis
427 3431 482 3490 est,
506 3431 537 3484 et
558 3424 757 3484 aRitualibus
779 3443 836 3484 non
859 3426 958 3492 modo,
981 3426 1145 3486 sedetiam
1168 3441 1186 3481 a

238 3504 377 3566 Conciliis
391 3507 605 3582 praescriptus.
624 3507 702 3566 Dum
719 3505 830 3575 infirmi
845 3525 931 3566 sucro
946 3508 1089 3568 liniuntur
1104 3509 1184 3573 oleo,

235 3595 350 3666 septem
373 3588 409 3647 de
439 3587 618 3664 poenitentia
642 3586 771 3663 psalmos
792 3607 863 3648 cum
885 3588 1007 3649 litaniis
1029 3589 1184 3667 precibus·
