<?xml version="1.0" encoding="UTF-8"?>
<!DOCTYPE html PUBLIC "-//W3C//DTD XHTML 1.0 Transitional//EN"
    "http://www.w3.org/TR/xhtml1/DTD/xhtml1-transitional.dtd">
<html xmlns="http://www.w3.org/1999/xhtml" xml:lang="en" lang="en">
 <head>
  <title>
</title>
<meta http-equiv="Content-Type" content="text/html;charset=utf-8" />
  <meta name='ocr-system' content='tesseract 3.04.00' />
  <meta name='ocr-capabilities' content='ocr_page ocr_carea ocr_par ocr_line ocrx_word'/>
</head>
<body>
  <div class='ocr_page' id='page_1' title='image "./institutionesli01marigoog_0256.png"; bbox 0 0 2567 4042; ppageno 0'>
   <div class='ocr_carea' id='block_1_1' title="bbox 607 178 831 250">
    <p class='ocr_par' dir='ltr' id='par_1_1' title="bbox 607 178 831 250">
     <span class='ocr_line' id='line_1_1' title="bbox 607 178 831 250; baseline 0.036 -12"><span class='ocrx_word' id='word_1_1' title='bbox 607 178 831 250; x_wconf 50' lang='lat' dir='ltr'><strong>«mutim</strong></span> 
     </span>
    </p>
   </div>
   <div class='ocr_carea' id='block_1_2' title="bbox 236 305 1199 1445">
    <p class='ocr_par' dir='ltr' id='par_1_2' title="bbox 236 305 1199 1445">
     <span class='ocr_line' id='line_1_2' title="bbox 238 305 1194 385; baseline 0 -19"><span class='ocrx_word' id='word_1_2' title='bbox 238 325 305 368; x_wconf 85' lang='lat' dir='ltr'><strong>nem</strong></span> <span class='ocrx_word' id='word_1_3' title='bbox 338 307 487 366; x_wconf 83' lang='lat' dir='ltr'><strong>minorem</strong></span> <span class='ocrx_word' id='word_1_4' title='bbox 515 309 673 368; x_wconf 88' lang='lat' dir='ltr'><strong>incurrere</strong></span> <span class='ocrx_word' id='word_1_5' title='bbox 695 313 876 385; x_wconf 87' lang='lat' dir='ltr'><strong>perpetuum</strong></span> <span class='ocrx_word' id='word_1_6' title='bbox 899 323 956 366; x_wconf 89' lang='lat' dir='ltr'><strong>non</strong></span> <span class='ocrx_word' id='word_1_7' title='bbox 978 312 1033 368; x_wconf 83' lang='lat' dir='ltr'><strong>est.</strong></span> <span class='ocrx_word' id='word_1_8' title='bbox 1059 305 1137 366; x_wconf 82' lang='lat' dir='ltr'><strong>Nam</strong></span> <span class='ocrx_word' id='word_1_9' title='bbox 1158 323 1194 366; x_wconf 87' lang='lat' dir='ltr'><strong>ex</strong></span> 
     </span>
     <span class='ocr_line' id='line_1_3' title="bbox 237 385 1195 465; baseline -0.003 -17"><span class='ocrx_word' id='word_1_10' title='bbox 237 387 378 465; x_wconf 75' lang='lat' dir='ltr'>Gregorii</span> <span class='ocrx_word' id='word_1_11' title='bbox 401 386 460 448; x_wconf 82' lang='lat' dir='ltr'><strong>vll</strong></span> <span class='ocrx_word' id='word_1_12' title='bbox 481 385 569 448; x_wconf 86' lang='lat' dir='ltr'><strong>Bulla</strong></span> <span class='ocrx_word' id='word_1_13' title='bbox 591 391 620 449; x_wconf 95' lang='lat' dir='ltr'><strong>in</strong></span> <span class='ocrx_word' id='word_1_14' title='bbox 641 387 715 450; x_wconf 89' lang='lat' dir='ltr'><strong>Can.</strong></span> <span class='ocrx_word' id='word_1_15' title='bbox 736 385 897 464; x_wconf 77' lang='lat' dir='ltr'><strong>Quoniam,</strong></span> <span class='ocrx_word' id='word_1_16' title='bbox 921 385 1018 450; x_wconf 65' lang='lat' dir='ltr'><strong>&amp;usa</strong></span> <span class='ocrx_word' id='word_1_17' title='bbox 1032 386 1077 448; x_wconf 89' lang='lat' dir='ltr'><strong>XI</strong></span> <span class='ocrx_word' id='word_1_18' title='bbox 1099 387 1139 446; x_wconf 89' lang='lat' dir='ltr'><strong>ab</strong></span> <span class='ocrx_word' id='word_1_19' title='bbox 1157 405 1195 446; x_wconf 91' lang='lat' dir='ltr'><strong>ea</strong></span> 
     </span>
     <span class='ocr_line' id='line_1_4' title="bbox 236 469 1195 547; baseline -0.001 -19"><span class='ocrx_word' id='word_1_20' title='bbox 236 471 415 530; x_wconf 81' lang='lat' dir='ltr'><strong>eximuntur</strong></span> <span class='ocrx_word' id='word_1_21' title='bbox 435 487 567 537; x_wconf 87' lang='lat' dir='ltr'><strong>uxores,</strong></span> <span class='ocrx_word' id='word_1_22' title='bbox 590 471 693 540; x_wconf 83' lang='lat' dir='ltr'><strong>servi,</strong></span> <span class='ocrx_word' id='word_1_23' title='bbox 716 471 864 540; x_wconf 83' lang='lat' dir='ltr'><strong>ancillae,</strong></span> <span class='ocrx_word' id='word_1_24' title='bbox 888 471 1021 546; x_wconf 86' lang='lat' dir='ltr'><strong>itemque</strong></span> <span class='ocrx_word' id='word_1_25' title='bbox 1044 469 1195 547; x_wconf 83' lang='lat' dir='ltr'><strong>peregrini</strong></span> 
     </span>
     <span class='ocr_line' id='line_1_5' title="bbox 238 550 1194 631; baseline 0.001 -20"><span class='ocrx_word' id='word_1_26' title='bbox 238 558 363 628; x_wconf 87' lang='lat' dir='ltr'><strong>propter</strong></span> <span class='ocrx_word' id='word_1_27' title='bbox 386 551 608 620; x_wconf 87' lang='lat' dir='ltr'><strong>necessitatem,</strong></span> <span class='ocrx_word' id='word_1_28' title='bbox 624 559 657 612; x_wconf 88' lang='lat' dir='ltr'><strong>et</strong></span> <span class='ocrx_word' id='word_1_29' title='bbox 670 554 725 631; x_wconf 88' lang='lat' dir='ltr'><strong>qui</strong></span> <span class='ocrx_word' id='word_1_30' title='bbox 747 553 941 614; x_wconf 86' lang='lat' dir='ltr'><strong>humanitatis</strong></span> <span class='ocrx_word' id='word_1_31' title='bbox 957 553 1066 614; x_wconf 90' lang='lat' dir='ltr'><strong>intuitu</strong></span> <span class='ocrx_word' id='word_1_32' title='bbox 1081 550 1194 628; x_wconf 82' lang='lat' dir='ltr'><strong>aliquid</strong></span> 
     </span>
     <span class='ocr_line' id='line_1_6' title="bbox 238 621 1197 712; baseline -0.002 -19"><span class='ocrx_word' id='word_1_33' title='bbox 238 633 313 694; x_wconf 90' lang='lat' dir='ltr'><strong>daut</strong></span> <span class='ocrx_word' id='word_1_34' title='bbox 333 635 611 696; x_wconf 87' lang='lat' dir='ltr'><strong>excommunicatis.</strong></span> <span class='ocrx_word' id='word_1_35' title='bbox 628 621 824 696; x_wconf 53' lang='lat' dir='ltr'><strong>Ceterum&amp;</strong></span> <span class='ocrx_word' id='word_1_36' title='bbox 839 634 960 712; x_wconf 81' lang='lat' dir='ltr'><strong>Martini</strong></span> <span class='ocrx_word' id='word_1_37' title='bbox 977 632 1004 694; x_wconf 84' lang='lat' dir='ltr'>V</span> <span class='ocrx_word' id='word_1_38' title='bbox 1018 630 1105 694; x_wconf 87' lang='lat' dir='ltr'><strong>Bulla</strong></span> <span class='ocrx_word' id='word_1_39' title='bbox 1120 649 1197 710; x_wconf 87' lang='lat' dir='ltr'><strong>quae</strong></span> 
     </span>
     <span class='ocr_line' id='line_1_7' title="bbox 241 713 1195 792; baseline 0 -16"><span class='ocrx_word' id='word_1_40' title='bbox 241 715 355 792; x_wconf 88' lang='lat' dir='ltr'><strong>iucipit.</strong></span> <span class='ocrx_word' id='word_1_41' title='bbox 379 713 427 774; x_wconf 77' lang='lat' dir='ltr'><strong>‚td</strong></span> <span class='ocrx_word' id='word_1_42' title='bbox 449 716 601 784; x_wconf 58' lang='lat' dir='ltr'><strong>tutando,</strong></span> <span class='ocrx_word' id='word_1_43' title='bbox 629 717 740 778; x_wconf 88' lang='lat' dir='ltr'><strong>nemini</strong></span> <span class='ocrx_word' id='word_1_44' title='bbox 763 716 955 776; x_wconf 86' lang='lat' dir='ltr'><strong>interdictum</strong></span> <span class='ocrx_word' id='word_1_45' title='bbox 976 722 1038 782; x_wconf 86' lang='lat' dir='ltr'><strong>est,</strong></span> <span class='ocrx_word' id='word_1_46' title='bbox 1062 732 1195 776; x_wconf 90' lang='lat' dir='ltr'><strong>commu·</strong></span> 
     </span>
     <span class='ocr_line' id='line_1_8' title="bbox 240 795 1195 874; baseline 0 -18"><span class='ocrx_word' id='word_1_47' title='bbox 240 798 340 858; x_wconf 85' lang='lat' dir='ltr'><strong>nicare</strong></span> <span class='ocrx_word' id='word_1_48' title='bbox 361 800 623 860; x_wconf 85' lang='lat' dir='ltr'><strong>excommunicato</strong></span> <span class='ocrx_word' id='word_1_49' title='bbox 646 805 808 874; x_wconf 87' lang='lat' dir='ltr'><strong>antequam</strong></span> <span class='ocrx_word' id='word_1_50' title='bbox 831 798 880 858; x_wconf 90' lang='lat' dir='ltr'><strong>hic</strong></span> <span class='ocrx_word' id='word_1_51' title='bbox 902 795 1073 874; x_wconf 78' lang='lat' dir='ltr'><strong>specialiter</strong></span> <span class='ocrx_word' id='word_1_52' title='bbox 1095 803 1129 857; x_wconf 90' lang='lat' dir='ltr'><strong>et</strong></span> <span class='ocrx_word' id='word_1_53' title='bbox 1149 813 1195 856; x_wconf 84' lang='lat' dir='ltr'><strong>ex-</strong></span> 
     </span>
     <span class='ocr_line' id='line_1_9' title="bbox 239 878 1191 957; baseline -0.002 -17"><span class='ocrx_word' id='word_1_54' title='bbox 239 895 341 956; x_wconf 88' lang='lat' dir='ltr'><strong>presse</strong></span> <span class='ocrx_word' id='word_1_55' title='bbox 360 878 554 942; x_wconf 76' lang='lat' dir='ltr'><strong>denunciatus</strong></span> <span class='ocrx_word' id='word_1_56' title='bbox 574 881 614 941; x_wconf 90' lang='lat' dir='ltr'><strong>sit</strong></span> <span class='ocrx_word' id='word_1_57' title='bbox 634 899 653 940; x_wconf 86' lang='lat' dir='ltr'><strong>a</strong></span> <span class='ocrx_word' id='word_1_58' title='bbox 673 878 786 957; x_wconf 85' lang='lat' dir='ltr'><strong>judice.</strong></span> <span class='ocrx_word' id='word_1_59' title='bbox 812 881 860 940; x_wconf 83' lang='lat' dir='ltr'><strong>vei</strong></span> <span class='ocrx_word' id='word_1_60' title='bbox 883 879 1042 940; x_wconf 77' lang='lat' dir='ltr'><strong>manifeste</strong></span> <span class='ocrx_word' id='word_1_61' title='bbox 1063 884 1191 948; x_wconf 84' lang='lat' dir='ltr'><strong>constet,</strong></span> 
     </span>
     <span class='ocr_line' id='line_1_10' title="bbox 240 959 1192 1037; baseline 0 -17"><span class='ocrx_word' id='word_1_62' title='bbox 240 977 309 1020; x_wconf 92' lang='lat' dir='ltr'><strong>eum</strong></span> <span class='ocrx_word' id='word_1_63' title='bbox 339 961 498 1022; x_wconf 81' lang='lat' dir='ltr'><strong>incurrisse</strong></span> <span class='ocrx_word' id='word_1_64' title='bbox 530 963 898 1032; x_wconf 78' lang='lat' dir='ltr'><strong>excommunicationem,</strong></span> <span class='ocrx_word' id='word_1_65' title='bbox 927 962 969 1022; x_wconf 86' lang='lat' dir='ltr'><strong>ita</strong></span> <span class='ocrx_word' id='word_1_66' title='bbox 1002 959 1080 1037; x_wconf 86' lang='lat' dir='ltr'><strong>quod</strong></span> <span class='ocrx_word' id='word_1_67' title='bbox 1112 960 1192 1020; x_wconf 88' lang='lat' dir='ltr'><strong>nullo</strong></span> 
     </span>
     <span class='ocr_line' id='line_1_11' title="bbox 240 1041 1193 1118; baseline -0.002 -16"><span class='ocrx_word' id='word_1_68' title='bbox 240 1042 434 1117; x_wconf 84' lang='lat' dir='ltr'><strong>tergiversari</strong></span> <span class='ocrx_word' id='word_1_69' title='bbox 457 1044 559 1117; x_wconf 90' lang='lat' dir='ltr'><strong>possit.</strong></span> <span class='ocrx_word' id='word_1_70' title='bbox 583 1043 700 1105; x_wconf 82' lang='lat' dir='ltr'><strong>Causae</strong></span> <span class='ocrx_word' id='word_1_71' title='bbox 728 1043 768 1104; x_wconf 92' lang='lat' dir='ltr'><strong>ob</strong></span> <span class='ocrx_word' id='word_1_72' title='bbox 796 1059 870 1118; x_wconf 88' lang='lat' dir='ltr'><strong>quas</strong></span> <span class='ocrx_word' id='word_1_73' title='bbox 892 1061 963 1106; x_wconf 89' lang='lat' dir='ltr'><strong>cum</strong></span> <span class='ocrx_word' id='word_1_74' title='bbox 984 1041 1193 1104; x_wconf 85' lang='lat' dir='ltr'><strong>excommuni-</strong></span> 
     </span>
     <span class='ocr_line' id='line_1_12' title="bbox 239 1123 1195 1203; baseline -0.001 -21"><span class='ocrx_word' id='word_1_75' title='bbox 239 1124 314 1183; x_wconf 87' lang='lat' dir='ltr'><strong>catis</strong></span> <span class='ocrx_word' id='word_1_76' title='bbox 335 1124 560 1186; x_wconf 80' lang='lat' dir='ltr'><strong>communicare</strong></span> <span class='ocrx_word' id='word_1_77' title='bbox 586 1126 681 1192; x_wconf 85' lang='lat' dir='ltr'><strong>licet,</strong></span> <span class='ocrx_word' id='word_1_78' title='bbox 711 1126 832 1203; x_wconf 81' lang='lat' dir='ltr'><strong>egregie</strong></span> <span class='ocrx_word' id='word_1_79' title='bbox 862 1125 1049 1202; x_wconf 77' lang='lat' dir='ltr'><strong>explicantur</strong></span> <span class='ocrx_word' id='word_1_80' title='bbox 1077 1140 1095 1182; x_wconf 88' lang='lat' dir='ltr'><strong>a</strong></span> <span class='ocrx_word' id='word_1_81' title='bbox 1119 1123 1195 1182; x_wconf 75' lang='lat' dir='ltr'><strong>ilico</strong></span> 
     </span>
     <span class='ocr_line' id='line_1_13' title="bbox 240 1203 1196 1281; baseline 0 -16"><span class='ocrx_word' id='word_1_82' title='bbox 240 1204 357 1265; x_wconf 87' lang='lat' dir='ltr'><strong>Thema</strong></span> <span class='ocrx_word' id='word_1_83' title='bbox 380 1206 408 1264; x_wconf 93' lang='lat' dir='ltr'><strong>in</strong></span> <span class='ocrx_word' id='word_1_84' title='bbox 429 1203 472 1265; x_wconf 88' lang='lat' dir='ltr'><strong>lv</strong></span> <span class='ocrx_word' id='word_1_85' title='bbox 496 1203 732 1275; x_wconf 73' lang='lat' dir='ltr'><strong>&amp;arcariorum</strong></span> <span class='ocrx_word' id='word_1_86' title='bbox 756 1205 958 1268; x_wconf 75' lang='lat' dir='ltr'><strong>Distineticns</strong></span> <span class='ocrx_word' id='word_1_87' title='bbox 973 1204 1089 1268; x_wconf 82' lang='lat' dir='ltr'><strong><em>XVIII</em></strong></span> <span class='ocrx_word' id='word_1_88' title='bbox 1106 1221 1196 1281; x_wconf 84' lang='lat' dir='ltr'><strong>quae·</strong></span> 
     </span>
     <span class='ocr_line' id='line_1_14' title="bbox 240 1285 1199 1366; baseline -0.002 -20"><span class='ocrx_word' id='word_1_89' title='bbox 240 1288 336 1348; x_wconf 84' lang='lat' dir='ltr'><strong>stione</strong></span> <span class='ocrx_word' id='word_1_90' title='bbox 357 1285 387 1347; x_wconf 91' lang='lat' dir='ltr'><strong>ll</strong></span> <span class='ocrx_word' id='word_1_91' title='bbox 406 1286 533 1348; x_wconf 87' lang='lat' dir='ltr'><strong>articulo</strong></span> <span class='ocrx_word' id='word_1_92' title='bbox 549 1286 591 1348; x_wconf 85' lang='lat' dir='ltr'><strong>IV</strong></span> <span class='ocrx_word' id='word_1_93' title='bbox 613 1289 961 1366; x_wconf 86' lang='lat' dir='ltr'><strong>quaestiuncuiaprima</strong></span> <span class='ocrx_word' id='word_1_94' title='bbox 982 1305 1080 1364; x_wconf 89' lang='lat' dir='ltr'><strong>eoque</strong></span> <span class='ocrx_word' id='word_1_95' title='bbox 1105 1287 1199 1347; x_wconf 83' lang='lat' dir='ltr'><strong>versi-</strong></span> 
     </span>
     <span class='ocr_line' id='line_1_15' title="bbox 244 1368 544 1445; baseline 0.007 -18"><span class='ocrx_word' id='word_1_96' title='bbox 244 1368 311 1428; x_wconf 89' lang='lat' dir='ltr'><strong>culo</strong></span> <span class='ocrx_word' id='word_1_97' title='bbox 332 1368 544 1445; x_wconf 87' lang='lat' dir='ltr'><strong>exprimuntur</strong></span> 
     </span>
    </p>
   </div>
   <div class='ocr_carea' id='block_1_3' title="bbox 369 1527 1080 1610">
    <p class='ocr_par' dir='ltr' id='par_1_3' title="bbox 369 1527 1080 1610">
     <span class='ocr_line' id='line_1_16' title="bbox 369 1527 1080 1610; baseline 0.003 -21"><span class='ocrx_word' id='word_1_98' title='bbox 369 1527 454 1599; x_wconf 81' lang='lat' dir='ltr'><strong>litiis,</strong></span> <span class='ocrx_word' id='word_1_99' title='bbox 479 1532 541 1599; x_wconf 76' lang='lat' dir='ltr'><strong>lca,</strong></span> <span class='ocrx_word' id='word_1_100' title='bbox 564 1532 685 1599; x_wconf 80' lang='lat' dir='ltr'><strong>lamiis,</strong></span> <span class='ocrx_word' id='word_1_101' title='bbox 710 1533 920 1610; x_wconf 70' lang='lat' dir='ltr'><strong>scamnorum</strong></span> <span class='ocrx_word' id='word_1_102' title='bbox 941 1543 1080 1594; x_wconf 82' lang='lat' dir='ltr'><strong>aceesse.&#39;</strong></span> 
     </span>
    </p>
   </div>
   <div class='ocr_carea' id='block_1_4' title="bbox 242 1691 1201 2091">
    <p class='ocr_par' dir='ltr' id='par_1_4' title="bbox 242 1691 1201 2091">
     <span class='ocr_line' id='line_1_17' title="bbox 284 1691 1200 1770; baseline 0.004 -20"><span class='ocrx_word' id='word_1_103' title='bbox 284 1691 364 1752; x_wconf 91' lang='lat' dir='ltr'><strong>illud</strong></span> <span class='ocrx_word' id='word_1_104' title='bbox 383 1693 505 1770; x_wconf 89' lang='lat' dir='ltr'><strong>insuper</strong></span> <span class='ocrx_word' id='word_1_105' title='bbox 520 1696 645 1756; x_wconf 88' lang='lat' dir='ltr'><strong>minime</strong></span> <span class='ocrx_word' id='word_1_106' title='bbox 659 1694 909 1755; x_wconf 88' lang='lat' dir='ltr'><strong>dissimulandum</strong></span> <span class='ocrx_word' id='word_1_107' title='bbox 930 1701 985 1762; x_wconf 85' lang='lat' dir='ltr'><strong>est,</strong></span> <span class='ocrx_word' id='word_1_108' title='bbox 1001 1695 1081 1770; x_wconf 92' lang='lat' dir='ltr'><strong>qnod</strong></span> <span class='ocrx_word' id='word_1_109' title='bbox 1097 1694 1139 1754; x_wconf 89' lang='lat' dir='ltr'><strong>de</strong></span> <span class='ocrx_word' id='word_1_110' title='bbox 1152 1695 1200 1754; x_wconf 77' lang='lat' dir='ltr'><strong>ah</strong></span> 
     </span>
     <span class='ocr_line' id='line_1_18' title="bbox 243 1773 1201 1854; baseline 0.002 -22"><span class='ocrx_word' id='word_1_111' title='bbox 243 1773 391 1835; x_wconf 89' lang='lat' dir='ltr'><strong>solutione</strong></span> <span class='ocrx_word' id='word_1_112' title='bbox 413 1776 450 1834; x_wconf 88' lang='lat' dir='ltr'><strong>ab</strong></span> <span class='ocrx_word' id='word_1_113' title='bbox 472 1777 784 1837; x_wconf 74' lang='lat' dir='ltr'><strong>excommunicatione</strong></span> <span class='ocrx_word' id='word_1_114' title='bbox 806 1777 941 1847; x_wconf 90' lang='lat' dir='ltr'><strong>minori,</strong></span> <span class='ocrx_word' id='word_1_115' title='bbox 971 1793 1059 1854; x_wconf 85' lang='lat' dir='ltr'><strong>posse</strong></span> <span class='ocrx_word' id='word_1_116' title='bbox 1084 1777 1129 1836; x_wconf 87' lang='lat' dir='ltr'><strong>ab</strong></span> <span class='ocrx_word' id='word_1_117' title='bbox 1155 1774 1201 1834; x_wconf 89' lang='lat' dir='ltr'><strong>illa</strong></span> 
     </span>
     <span class='ocr_line' id='line_1_19' title="bbox 242 1853 1201 1931; baseline 0.006 -19"><span class='ocrx_word' id='word_1_118' title='bbox 242 1853 409 1931; x_wconf 82' lang='lat' dir='ltr'><strong>simplicem</strong></span> <span class='ocrx_word' id='word_1_119' title='bbox 422 1855 615 1918; x_wconf 77' lang='lat' dir='ltr'><strong>Sacerdotem</strong></span> <span class='ocrx_word' id='word_1_120' title='bbox 637 1855 805 1920; x_wconf 83' lang='lat' dir='ltr'><strong>absolvere.</strong></span> <span class='ocrx_word' id='word_1_121' title='bbox 819 1857 964 1930; x_wconf 84' lang='lat' dir='ltr'><strong>Quamvis</strong></span> <span class='ocrx_word' id='word_1_122' title='bbox 979 1861 1083 1918; x_wconf 88' lang='lat' dir='ltr'><strong>autem</strong></span> <span class='ocrx_word' id='word_1_123' title='bbox 1107 1859 1137 1916; x_wconf 94' lang='lat' dir='ltr'><strong>in</strong></span> <span class='ocrx_word' id='word_1_124' title='bbox 1153 1874 1201 1918; x_wconf 90' lang='lat' dir='ltr'><strong>no-</strong></span> 
     </span>
     <span class='ocr_line' id='line_1_20' title="bbox 244 1936 1201 2017; baseline 0.002 -22"><span class='ocrx_word' id='word_1_125' title='bbox 244 1943 305 1996; x_wconf 84' lang='lat' dir='ltr'><strong>stro</strong></span> <span class='ocrx_word' id='word_1_126' title='bbox 314 1937 450 2004; x_wconf 84' lang='lat' dir='ltr'><strong>Romano</strong></span> <span class='ocrx_word' id='word_1_127' title='bbox 457 1936 621 2000; x_wconf 85' lang='lat' dir='ltr'><strong>Pontificali</strong></span> <span class='ocrx_word' id='word_1_128' title='bbox 637 1939 759 2000; x_wconf 90' lang='lat' dir='ltr'><strong>tertium</strong></span> <span class='ocrx_word' id='word_1_129' title='bbox 770 1936 1100 2004; x_wconf 83' lang='lat' dir='ltr'><strong>Excommunicationis</strong></span> <span class='ocrx_word' id='word_1_130' title='bbox 1112 1955 1201 2017; x_wconf 81' lang='lat' dir='ltr'><strong>genus</strong></span> 
     </span>
     <span class='ocr_line' id='line_1_21' title="bbox 242 2017 1201 2091; baseline 0.004 -15"><span class='ocrx_word' id='word_1_131' title='bbox 242 2017 412 2085; x_wconf 77' lang='lat' dir='ltr'><strong>,docthsmn</strong></span> <span class='ocrx_word' id='word_1_132' title='bbox 433 2020 572 2091; x_wconf 81' lang='lat' dir='ltr'><strong>dicatur3</strong></span> <span class='ocrx_word' id='word_1_133' title='bbox 595 2020 753 2083; x_wconf 83' lang='lat' dir='ltr'><strong>sciendum</strong></span> <span class='ocrx_word' id='word_1_134' title='bbox 777 2026 877 2082; x_wconf 91' lang='lat' dir='ltr'><strong>tamen</strong></span> <span class='ocrx_word' id='word_1_135' title='bbox 899 2029 929 2084; x_wconf 90' lang='lat' dir='ltr'><strong>ct</strong></span> <span class='ocrx_word' id='word_1_136' title='bbox 952 2020 1024 2084; x_wconf 91' lang='lat' dir='ltr'><strong>iilud</strong></span> <span class='ocrx_word' id='word_1_137' title='bbox 1045 2027 1105 2090; x_wconf 87' lang='lat' dir='ltr'><strong>est,</strong></span> <span class='ocrx_word' id='word_1_138' title='bbox 1123 2021 1201 2080; x_wconf 86' lang='lat' dir='ltr'><strong>idern</strong></span> 
     </span>
    </p>
   </div>
   <div class='ocr_carea' id='block_1_5' title="bbox 243 2099 1264 2179">
    <p class='ocr_par' dir='ltr' id='par_1_5' title="bbox 243 2099 1264 2179">
     <span class='ocr_line' id='line_1_22' title="bbox 243 2099 1264 2179; baseline 0.004 -21"><span class='ocrx_word' id='word_1_139' title='bbox 243 2116 277 2159; x_wconf 91' lang='lat' dir='ltr'><strong>re</strong></span> <span class='ocrx_word' id='word_1_140' title='bbox 299 2102 360 2179; x_wconf 87' lang='lat' dir='ltr'><strong>ipse</strong></span> <span class='ocrx_word' id='word_1_141' title='bbox 382 2118 448 2162; x_wconf 85' lang='lat' dir='ltr'><strong>esse</strong></span> <span class='ocrx_word' id='word_1_142' title='bbox 468 2101 644 2172; x_wconf 75' lang='lat' dir='ltr'><strong>Aestima,</strong></span> <span class='ocrx_word' id='word_1_143' title='bbox 669 2119 703 2162; x_wconf 92' lang='lat' dir='ltr'><strong>ac</strong></span> <span class='ocrx_word' id='word_1_144' title='bbox 726 2099 822 2178; x_wconf 87' lang='lat' dir='ltr'><strong>major</strong></span> <span class='ocrx_word' id='word_1_145' title='bbox 846 2102 1129 2171; x_wconf 82' lang='lat' dir='ltr'><strong>excommunicatio,</strong></span> <span class='ocrx_word' id='word_1_146' title='bbox 1154 2119 1199 2162; x_wconf 88' lang='lat' dir='ltr'><strong>so·</strong></span> <span class='ocrx_word' id='word_1_147' title='bbox 1263 2151 1264 2156; x_wconf 61' lang='grc'>,</span> 
     </span>
    </p>
   </div>
   <div class='ocr_carea' id='block_1_6' title="bbox 243 2182 1201 2343">
    <p class='ocr_par' dir='ltr' id='par_1_6' title="bbox 243 2182 1201 2343">
     <span class='ocr_line' id='line_1_23' title="bbox 243 2182 1201 2260; baseline 0.001 -18"><span class='ocrx_word' id='word_1_148' title='bbox 243 2184 367 2260; x_wconf 84' lang='lat' dir='ltr'><strong>lumqrre</strong></span> <span class='ocrx_word' id='word_1_149' title='bbox 394 2182 431 2242; x_wconf 91' lang='lat' dir='ltr'><strong>ab</strong></span> <span class='ocrx_word' id='word_1_150' title='bbox 453 2184 511 2244; x_wconf 86' lang='lat' dir='ltr'><strong>ista</strong></span> <span class='ocrx_word' id='word_1_151' title='bbox 537 2183 610 2244; x_wconf 93' lang='lat' dir='ltr'><strong>illud</strong></span> <span class='ocrx_word' id='word_1_152' title='bbox 632 2184 774 2260; x_wconf 80' lang='lat' dir='ltr'><strong>distingui</strong></span> <span class='ocrx_word' id='word_1_153' title='bbox 796 2191 942 2259; x_wconf 85' lang='lat' dir='ltr'><strong>quantum</strong></span> <span class='ocrx_word' id='word_1_154' title='bbox 969 2185 1006 2244; x_wconf 89' lang='lat' dir='ltr'><strong>ad</strong></span> <span class='ocrx_word' id='word_1_155' title='bbox 1028 2184 1201 2244; x_wconf 88' lang='lat' dir='ltr'><strong>solemnita-</strong></span> 
     </span>
     <span class='ocr_line' id='line_1_24' title="bbox 243 2264 1198 2343; baseline 0.002 -19"><span class='ocrx_word' id='word_1_156' title='bbox 243 2270 323 2334; x_wconf 88' lang='lat' dir='ltr'><strong>tem,</strong></span> <span class='ocrx_word' id='word_1_157' title='bbox 348 2265 418 2340; x_wconf 88' lang='lat' dir='ltr'><strong>quia</strong></span> <span class='ocrx_word' id='word_1_158' title='bbox 440 2265 554 2326; x_wconf 91' lang='lat' dir='ltr'><strong>scilicet</strong></span> <span class='ocrx_word' id='word_1_159' title='bbox 575 2264 700 2326; x_wconf 86' lang='lat' dir='ltr'><strong>solemni</strong></span> <span class='ocrx_word' id='word_1_160' title='bbox 723 2267 802 2332; x_wconf 89' lang='lat' dir='ltr'><strong>ritu,</strong></span> <span class='ocrx_word' id='word_1_161' title='bbox 825 2283 861 2324; x_wconf 87' lang='lat' dir='ltr'><strong>ac</strong></span> <span class='ocrx_word' id='word_1_162' title='bbox 884 2266 1083 2327; x_wconf 85' lang='lat' dir='ltr'><strong>caeremoniis</strong></span> <span class='ocrx_word' id='word_1_163' title='bbox 1106 2264 1198 2343; x_wconf 81' lang='lat' dir='ltr'><strong>majo</strong></span> 
     </span>
    </p>
   </div>
   <div class='ocr_carea' id='block_1_7' title="bbox 243 2347 1263 2588">
    <p class='ocr_par' dir='ltr' id='par_1_7' title="bbox 243 2347 1263 2588">
     <span class='ocr_line' id='line_1_25' title="bbox 244 2347 1262 2423; baseline 0.002 -19"><span class='ocrx_word' id='word_1_164' title='bbox 244 2363 310 2406; x_wconf 88' lang='lat' dir='ltr'><strong>rem</strong></span> <span class='ocrx_word' id='word_1_165' title='bbox 325 2351 474 2406; x_wconf 86' lang='lat' dir='ltr'><strong>terrorem</strong></span> <span class='ocrx_word' id='word_1_166' title='bbox 492 2347 705 2408; x_wconf 89' lang='lat' dir='ltr'><strong>incutientibus</strong></span> <span class='ocrx_word' id='word_1_167' title='bbox 719 2351 909 2423; x_wconf 88' lang='lat' dir='ltr'><strong>peccatorem</strong></span> <span class='ocrx_word' id='word_1_168' title='bbox 923 2353 1138 2410; x_wconf 85' lang='lat' dir='ltr'><strong>ccrrtumacem</strong></span> <span class='ocrx_word' id='word_1_169' title='bbox 1149 2347 1201 2410; x_wconf 88' lang='lat' dir='ltr'><strong>Ec·</strong></span> <span class='ocrx_word' id='word_1_170' title='bbox 1261 2383 1262 2386; x_wconf 59' lang='lat'><em>=</em></span> 
     </span>
     <span class='ocr_line' id='line_1_26' title="bbox 243 2425 1263 2500; baseline 0 -12"><span class='ocrx_word' id='word_1_171' title='bbox 243 2427 335 2494; x_wconf 84' lang='lat' dir='ltr'><strong>ciceia</strong></span> <span class='ocrx_word' id='word_1_172' title='bbox 348 2433 533 2488; x_wconf 83' lang='lat' dir='ltr'><strong>exsecretur.</strong></span> <span class='ocrx_word' id='word_1_173' title='bbox 549 2425 628 2488; x_wconf 90' lang='lat' dir='ltr'><strong>Hinc</strong></span> <span class='ocrx_word' id='word_1_174' title='bbox 642 2428 715 2488; x_wconf 92' lang='lat' dir='ltr'><strong>olim</strong></span> <span class='ocrx_word' id='word_1_175' title='bbox 736 2429 1068 2496; x_wconf 83' lang='lat' dir='ltr'><strong>excommunicationis,</strong></span> <span class='ocrx_word' id='word_1_176' title='bbox 1086 2435 1117 2490; x_wconf 91' lang='lat' dir='ltr'><strong>et</strong></span> <span class='ocrx_word' id='word_1_177' title='bbox 1133 2445 1200 2490; x_wconf 89' lang='lat' dir='ltr'><strong>aua·</strong></span> <span class='ocrx_word' id='word_1_178' title='bbox 1262 2443 1263 2500; x_wconf 62' lang='grc' dir='ltr'>ζ</span> 
     </span>
     <span class='ocr_line' id='line_1_27' title="bbox 244 2508 1199 2588; baseline 0 -20"><span class='ocrx_word' id='word_1_179' title='bbox 244 2508 387 2568; x_wconf 78' lang='lat' dir='ltr'><strong>thematis</strong></span> <span class='ocrx_word' id='word_1_180' title='bbox 401 2510 583 2570; x_wconf 86' lang='lat' dir='ltr'><strong>vocabulum</strong></span> <span class='ocrx_word' id='word_1_181' title='bbox 605 2511 774 2587; x_wconf 91' lang='lat' dir='ltr'><strong>promiscue</strong></span> <span class='ocrx_word' id='word_1_182' title='bbox 786 2511 1005 2587; x_wconf 85' lang='lat' dir='ltr'><strong>accipiebatur.</strong></span> <span class='ocrx_word' id='word_1_183' title='bbox 1020 2510 1054 2571; x_wconf 91' lang='lat' dir='ltr'><strong>ln</strong></span> <span class='ocrx_word' id='word_1_184' title='bbox 1069 2510 1199 2588; x_wconf 87' lang='lat' dir='ltr'><strong>antiquis</strong></span> 
     </span>
    </p>
   </div>
   <div class='ocr_carea' id='block_1_8' title="bbox 243 2587 1263 2667">
    <p class='ocr_par' dir='ltr' id='par_1_8' title="bbox 243 2587 1263 2667">
     <span class='ocr_line' id='line_1_28' title="bbox 243 2587 1263 2667; baseline 0 -19"><span class='ocrx_word' id='word_1_185' title='bbox 243 2587 422 2656; x_wconf 84' lang='lat' dir='ltr'><strong>Canonihus,</strong></span> <span class='ocrx_word' id='word_1_186' title='bbox 438 2594 529 2667; x_wconf 79' lang='lat' dir='ltr'><strong>atque</strong></span> <span class='ocrx_word' id='word_1_187' title='bbox 552 2591 581 2650; x_wconf 91' lang='lat' dir='ltr'><strong>iu</strong></span> <span class='ocrx_word' id='word_1_188' title='bbox 602 2592 740 2652; x_wconf 89' lang='lat' dir='ltr'><strong>omnium</strong></span> <span class='ocrx_word' id='word_1_189' title='bbox 758 2591 953 2666; x_wconf 88' lang='lat' dir='ltr'><strong>&#39;damnatione</strong></span> <span class='ocrx_word' id='word_1_190' title='bbox 976 2593 1198 2654; x_wconf 89' lang='lat' dir='ltr'><strong>haereticorum</strong></span> <span class='ocrx_word' id='word_1_191' title='bbox 1262 2591 1263 2648; x_wconf 84' lang='lat' dir='ltr'><strong>l</strong></span> 
     </span>
    </p>
   </div>
   <div class='ocr_carea' id='block_1_9' title="bbox 244 2668 1201 3078">
    <p class='ocr_par' dir='ltr' id='par_1_9' title="bbox 244 2668 1201 3078">
     <span class='ocr_line' id='line_1_29' title="bbox 244 2668 1201 2748; baseline 0 -16"><span class='ocrx_word' id='word_1_192' title='bbox 244 2687 317 2732; x_wconf 87' lang='lat' dir='ltr'><strong>sane</strong></span> <span class='ocrx_word' id='word_1_193' title='bbox 339 2669 480 2748; x_wconf 85' lang='lat' dir='ltr'><strong>irequeus</strong></span> <span class='ocrx_word' id='word_1_194' title='bbox 500 2677 549 2732; x_wconf 89' lang='lat' dir='ltr'><strong>est</strong></span> <span class='ocrx_word' id='word_1_195' title='bbox 568 2668 770 2734; x_wconf 85' lang='lat' dir='ltr'><strong>anathematis</strong></span> <span class='ocrx_word' id='word_1_196' title='bbox 791 2669 912 2734; x_wconf 86' lang='lat' dir='ltr'><strong>nomen.</strong></span> <span class='ocrx_word' id='word_1_197' title='bbox 936 2672 1102 2736; x_wconf 87' lang='lat' dir='ltr'><strong>Concilium</strong></span> <span class='ocrx_word' id='word_1_198' title='bbox 1125 2671 1201 2734; x_wconf 78' lang='lat' dir='ltr'><strong>Gau</strong></span> 
     </span>
     <span class='ocr_line' id='line_1_30' title="bbox 245 2753 1196 2830; baseline 0.003 -19"><span class='ocrx_word' id='word_1_199' title='bbox 245 2765 351 2829; x_wconf 75' lang='lat' dir='ltr'><strong>grente</strong></span> <span class='ocrx_word' id='word_1_200' title='bbox 372 2753 508 2830; x_wconf 80' lang='lat' dir='ltr'><strong>singulos</strong></span> <span class='ocrx_word' id='word_1_201' title='bbox 529 2770 658 2815; x_wconf 87' lang='lat' dir='ltr'><strong>canones</strong></span> <span class='ocrx_word' id='word_1_202' title='bbox 685 2771 755 2814; x_wconf 88' lang='lat' dir='ltr'><strong>suos</strong></span> <span class='ocrx_word' id='word_1_203' title='bbox 777 2755 928 2818; x_wconf 92' lang='lat' dir='ltr'><strong>concludit</strong></span> <span class='ocrx_word' id='word_1_204' title='bbox 949 2756 1051 2817; x_wconf 85' lang='lat' dir='ltr'><strong>verbis</strong></span> <span class='ocrx_word' id='word_1_205' title='bbox 1071 2753 1196 2818; x_wconf 74' lang='lat' dir='ltr'><strong>Aonas-</strong></span> 
     </span>
     <span class='ocr_line' id='line_1_31' title="bbox 244 2832 1199 2916; baseline 0 -20"><span class='ocrx_word' id='word_1_206' title='bbox 244 2851 295 2896; x_wconf 81' lang='lat' dir='ltr'><strong>mc</strong></span> <span class='ocrx_word' id='word_1_207' title='bbox 309 2832 359 2902; x_wconf 84' lang='lat' dir='ltr'><strong>sit,</strong></span> <span class='ocrx_word' id='word_1_208' title='bbox 383 2834 440 2894; x_wconf 91' lang='lat' dir='ltr'><strong>hoc</strong></span> <span class='ocrx_word' id='word_1_209' title='bbox 464 2840 509 2896; x_wconf 87' lang='lat' dir='ltr'><strong>est</strong></span> <span class='ocrx_word' id='word_1_210' title='bbox 530 2834 567 2896; x_wconf 90' lang='lat' dir='ltr'><strong>ab</strong></span> <span class='ocrx_word' id='word_1_211' title='bbox 588 2838 670 2897; x_wconf 93' lang='lat' dir='ltr'><strong>omni</strong></span> <span class='ocrx_word' id='word_1_212' title='bbox 691 2833 845 2898; x_wconf 85' lang='lat' dir='ltr'><strong>Ecclesiae</strong></span> <span class='ocrx_word' id='word_1_213' title='bbox 866 2838 1079 2900; x_wconf 89' lang='lat' dir='ltr'><strong>communione</strong></span> <span class='ocrx_word' id='word_1_214' title='bbox 1102 2836 1199 2916; x_wconf 78' lang='lat' dir='ltr'><strong>sejun-</strong></span> 
     </span>
     <span class='ocr_line' id='line_1_32' title="bbox 244 2916 1198 2997; baseline 0.002 -23"><span class='ocrx_word' id='word_1_215' title='bbox 244 2920 327 2983; x_wconf 89' lang='lat' dir='ltr'><strong>ctus,</strong></span> <span class='ocrx_word' id='word_1_216' title='bbox 350 2920 382 2974; x_wconf 91' lang='lat' dir='ltr'><strong>et</strong></span> <span class='ocrx_word' id='word_1_217' title='bbox 403 2916 441 2976; x_wconf 88' lang='lat' dir='ltr'><strong>ab</strong></span> <span class='ocrx_word' id='word_1_218' title='bbox 463 2916 600 2976; x_wconf 86' lang='lat' dir='ltr'><strong>omnihus</strong></span> <span class='ocrx_word' id='word_1_219' title='bbox 621 2923 795 2980; x_wconf 85' lang='lat' dir='ltr'><strong>exsecratus</strong></span> <span class='ocrx_word' id='word_1_220' title='bbox 819 2918 979 2989; x_wconf 85' lang='lat' dir='ltr'><strong>habeatur,</strong></span> <span class='ocrx_word' id='word_1_221' title='bbox 1003 2920 1055 2997; x_wconf 89' lang='lat' dir='ltr'><strong>qui</strong></span> <span class='ocrx_word' id='word_1_222' title='bbox 1078 2916 1198 2980; x_wconf 82' lang='lat' dir='ltr'><strong>Consilii</strong></span> 
     </span>
     <span class='ocr_line' id='line_1_33' title="bbox 246 2997 1198 3078; baseline 0.003 -22"><span class='ocrx_word' id='word_1_223' title='bbox 246 2997 362 3074; x_wconf 79' lang='lat' dir='ltr'><strong>legibus</strong></span> <span class='ocrx_word' id='word_1_224' title='bbox 384 3014 444 3057; x_wconf 91' lang='lat' dir='ltr'><strong>non</strong></span> <span class='ocrx_word' id='word_1_225' title='bbox 465 2997 733 3075; x_wconf 84' lang='lat' dir='ltr'><strong>obtemperaverit.</strong></span> <span class='ocrx_word' id='word_1_226' title='bbox 759 2998 868 3060; x_wconf 91' lang='lat' dir='ltr'><strong>lisdem</strong></span> <span class='ocrx_word' id='word_1_227' title='bbox 903 3002 1046 3078; x_wconf 89' lang='lat' dir='ltr'><strong>pleraque</strong></span> <span class='ocrx_word' id='word_1_228' title='bbox 1067 2999 1198 3064; x_wconf 87' lang='lat' dir='ltr'><strong>Concilia</strong></span> 
     </span>
    </p>
   </div>
   <div class='ocr_carea' id='block_1_10' title="bbox 244 3079 1198 3157">
    <p class='ocr_par' dir='ltr' id='par_1_10' title="bbox 244 3067 1262 3157">
     <span class='ocr_line' id='line_1_34' title="bbox 244 3079 1198 3157; baseline 0 -21"><span class='ocrx_word' id='word_1_229' title='bbox 244 3079 344 3138; x_wconf 85' lang='lat' dir='ltr'><strong>verbis</strong></span> <span class='ocrx_word' id='word_1_230' title='bbox 359 3085 508 3147; x_wconf 79' lang='lat' dir='ltr'><strong>utunturt</strong></span> <span class='ocrx_word' id='word_1_231' title='bbox 534 3079 563 3138; x_wconf 94' lang='lat' dir='ltr'><strong>id</strong></span> <span class='ocrx_word' id='word_1_232' title='bbox 583 3086 686 3142; x_wconf 73' lang='lat' dir='ltr'><strong>numm</strong></span> <span class='ocrx_word' id='word_1_233' title='bbox 708 3087 864 3157; x_wconf 89' lang='lat' dir='ltr'><strong>sumptum</strong></span> <span class='ocrx_word' id='word_1_234' title='bbox 887 3081 1007 3143; x_wconf 86' lang='lat' dir='ltr'><strong>videtur</strong></span> <span class='ocrx_word' id='word_1_235' title='bbox 1029 3100 1067 3144; x_wconf 90' lang='lat' dir='ltr'><strong>ex</strong></span> <span class='ocrx_word' id='word_1_236' title='bbox 1081 3101 1119 3146; x_wconf 87' lang='lat' dir='ltr'><strong>ea</strong></span> <span class='ocrx_word' id='word_1_237' title='bbox 1133 3081 1198 3143; x_wconf 84' lang='lat' dir='ltr'><strong>Divi</strong></span> 
     </span>
    </p>
   </div>
   <div class='ocr_carea' id='block_1_11' title="bbox 243 3157 1199 3565">
    <p class='ocr_par' dir='ltr' id='par_1_11' title="bbox 243 3157 1199 3565">
     <span class='ocr_line' id='line_1_35' title="bbox 243 3157 1199 3238; baseline 0.003 -20"><span class='ocrx_word' id='word_1_238' title='bbox 243 3157 330 3222; x_wconf 84' lang='lat' dir='ltr'><strong>Pauli</strong></span> <span class='ocrx_word' id='word_1_239' title='bbox 352 3160 482 3222; x_wconf 81' lang='lat' dir='ltr'><strong>formula</strong></span> <span class='ocrx_word' id='word_1_240' title='bbox 504 3159 542 3221; x_wconf 91' lang='lat' dir='ltr'><strong>ad</strong></span> <span class='ocrx_word' id='word_1_241' title='bbox 565 3158 685 3222; x_wconf 84' lang='lat' dir='ltr'><strong>Galatas</strong></span> <span class='ocrx_word' id='word_1_242' title='bbox 707 3160 779 3238; x_wconf 85' lang='lat' dir='ltr'><strong>Cap.</strong></span> <span class='ocrx_word' id='word_1_243' title='bbox 805 3161 878 3224; x_wconf 87' lang='lat' dir='ltr'>v111</span> <span class='ocrx_word' id='word_1_244' title='bbox 904 3161 1035 3226; x_wconf 81' lang='lat' dir='ltr'><strong>Etiamsi</strong></span> <span class='ocrx_word' id='word_1_245' title='bbox 1056 3183 1127 3234; x_wconf 82' lang='lat' dir='ltr'><strong>aas,</strong></span> <span class='ocrx_word' id='word_1_246' title='bbox 1149 3174 1199 3222; x_wconf 83' lang='lat' dir='ltr'><strong>urst</strong></span> 
     </span>
     <span class='ocr_line' id='line_1_36' title="bbox 244 3238 1197 3324; baseline 0.006 -24"><span class='ocrx_word' id='word_1_247' title='bbox 244 3238 374 3319; x_wconf 54' lang='lat' dir='ltr'><strong>Aaou</strong></span> <span class='ocrx_word' id='word_1_248' title='bbox 394 3260 415 3300; x_wconf 88' lang='lat' dir='ltr'><strong>c</strong></span> <span class='ocrx_word' id='word_1_249' title='bbox 436 3243 515 3304; x_wconf 83' lang='lat' dir='ltr'><strong>coeio</strong></span> <span class='ocrx_word' id='word_1_250' title='bbox 537 3244 719 3322; x_wconf 77' lang='lat' dir='ltr'><strong>secnpclizrt</strong></span> <span class='ocrx_word' id='word_1_251' title='bbox 740 3244 817 3304; x_wconf 70' lang='lat' dir='ltr'><strong>ooth</strong></span> <span class='ocrx_word' id='word_1_252' title='bbox 833 3255 959 3324; x_wconf 81' lang='lat' dir='ltr'><strong>praeter</strong></span> <span class='ocrx_word' id='word_1_253' title='bbox 979 3244 1032 3314; x_wconf 82' lang='lat' dir='ltr'><strong>id,</strong></span> <span class='ocrx_word' id='word_1_254' title='bbox 1057 3243 1137 3324; x_wconf 70' lang='lat' dir='ltr'><strong>qnod</strong></span> <span class='ocrx_word' id='word_1_255' title='bbox 1154 3261 1197 3305; x_wconf 85' lang='lat' dir='ltr'><strong>nc·</strong></span> 
     </span>
     <span class='ocr_line' id='line_1_37' title="bbox 244 3323 1195 3404; baseline 0.008 -24"><span class='ocrx_word' id='word_1_256' title='bbox 244 3323 288 3381; x_wconf 84' lang='lat' dir='ltr'><strong>his</strong></span> <span class='ocrx_word' id='word_1_257' title='bbox 310 3323 589 3402; x_wconf 72' lang='lat' dir='ltr'><strong>secnpclizceimts,</strong></span> <span class='ocrx_word' id='word_1_258' title='bbox 606 3325 765 3386; x_wconf 75' lang='lat' dir='ltr'><strong>annuens</strong></span> <span class='ocrx_word' id='word_1_259' title='bbox 786 3327 836 3386; x_wconf 86' lang='lat' dir='ltr'><strong>sit.</strong></span> <span class='ocrx_word' id='word_1_260' title='bbox 855 3325 972 3388; x_wconf 90' lang='lat' dir='ltr'><strong>Verum</strong></span> <span class='ocrx_word' id='word_1_261' title='bbox 987 3327 1053 3404; x_wconf 89' lang='lat' dir='ltr'><strong>ipse</strong></span> <span class='ocrx_word' id='word_1_262' title='bbox 1074 3329 1195 3404; x_wconf 84' lang='lat' dir='ltr'><strong>Aposto-</strong></span> 
     </span>
     <span class='ocr_line' id='line_1_38' title="bbox 247 3402 1197 3484; baseline 0.003 -21"><span class='ocrx_word' id='word_1_263' title='bbox 247 3403 294 3463; x_wconf 91' lang='lat' dir='ltr'><strong>lus</strong></span> <span class='ocrx_word' id='word_1_264' title='bbox 319 3403 335 3466; x_wconf 91' lang='lat'>1</span> <span class='ocrx_word' id='word_1_265' title='bbox 358 3405 396 3464; x_wconf 91' lang='lat' dir='ltr'><strong>ad</strong></span> <span class='ocrx_word' id='word_1_266' title='bbox 418 3402 586 3467; x_wconf 88' lang='lat' dir='ltr'><strong>Corinthios</strong></span> <span class='ocrx_word' id='word_1_267' title='bbox 607 3406 679 3484; x_wconf 86' lang='lat' dir='ltr'><strong>Cap.</strong></span> <span class='ocrx_word' id='word_1_268' title='bbox 698 3404 774 3466; x_wconf 86' lang='lat' dir='ltr'><strong>XVI</strong></span> <span class='ocrx_word' id='word_1_269' title='bbox 796 3425 826 3468; x_wconf 84' lang='lat' dir='ltr'><strong>v.</strong></span> <span class='ocrx_word' id='word_1_270' title='bbox 850 3407 892 3468; x_wconf 74' lang='lat'><strong>22</strong></span> <span class='ocrx_word' id='word_1_271' title='bbox 913 3406 1059 3470; x_wconf 84' lang='lat' dir='ltr'><strong>vocabulo</strong></span> <span class='ocrx_word' id='word_1_272' title='bbox 1073 3407 1197 3472; x_wconf 73' lang='lat' dir='ltr'><strong>‚dautha-</strong></span> 
     </span>
     <span class='ocr_line' id='line_1_39' title="bbox 247 3485 1197 3565; baseline 0.008 -25"><span class='ocrx_word' id='word_1_273' title='bbox 247 3501 298 3544; x_wconf 85' lang='lat' dir='ltr'><strong>mc</strong></span> <span class='ocrx_word' id='word_1_274' title='bbox 318 3485 402 3544; x_wconf 85' lang='lat' dir='ltr'><strong>addit</strong></span> <span class='ocrx_word' id='word_1_275' title='bbox 421 3492 454 3548; x_wconf 89' lang='lat' dir='ltr'><strong>et</strong></span> <span class='ocrx_word' id='word_1_276' title='bbox 473 3487 605 3548; x_wconf 89' lang='lat' dir='ltr'><strong>alterum</strong></span> <span class='ocrx_word' id='word_1_277' title='bbox 616 3486 814 3558; x_wconf 68' lang='lat' dir='ltr'><strong>Marcionita,</strong></span> <span class='ocrx_word' id='word_1_278' title='bbox 831 3489 911 3565; x_wconf 89' lang='lat' dir='ltr'><strong>quod</strong></span> <span class='ocrx_word' id='word_1_279' title='bbox 933 3494 965 3548; x_wconf 90' lang='lat' dir='ltr'><strong>et</strong></span> <span class='ocrx_word' id='word_1_280' title='bbox 989 3490 1136 3552; x_wconf 69' lang='lat' dir='ltr'><strong>inmrdnm</strong></span> <span class='ocrx_word' id='word_1_281' title='bbox 1149 3505 1197 3548; x_wconf 76' lang='lat' dir='ltr'><strong>ve</strong></span> 
     </span>
    </p>
   </div>
   <div class='ocr_carea' id='block_1_12' title="bbox 247 3563 1261 3649">
    <p class='ocr_par' dir='ltr' id='par_1_12' title="bbox 247 3563 1261 3649">
     <span class='ocr_line' id='line_1_40' title="bbox 247 3563 1261 3649; baseline 0.007 -25"><span class='ocrx_word' id='word_1_282' title='bbox 247 3571 329 3626; x_wconf 86' lang='lat' dir='ltr'><strong>teres</strong></span> <span class='ocrx_word' id='word_1_283' title='bbox 339 3563 452 3643; x_wconf 78' lang='lat' dir='ltr'><strong>synodi</strong></span> <span class='ocrx_word' id='word_1_284' title='bbox 467 3568 693 3643; x_wconf 88' lang='lat' dir='ltr'><strong>praestiterunt.</strong></span> <span class='ocrx_word' id='word_1_285' title='bbox 708 3569 811 3632; x_wconf 85' lang='lat' dir='ltr'><strong>Genus</strong></span> <span class='ocrx_word' id='word_1_286' title='bbox 826 3576 892 3632; x_wconf 88' lang='lat' dir='ltr'><strong>erat</strong></span> <span class='ocrx_word' id='word_1_287' title='bbox 907 3570 1108 3634; x_wconf 87' lang='lat' dir='ltr'><strong>anathematis</strong></span> <span class='ocrx_word' id='word_1_288' title='bbox 1121 3567 1194 3649; x_wconf 87' lang='lat' dir='ltr'><strong>apud</strong></span> <span class='ocrx_word' id='word_1_289' title='bbox 1260 3571 1261 3644; x_wconf 49' lang='lat' dir='ltr'>g</span> 
     </span>
    </p>
   </div>
   <div class='ocr_carea' id='block_1_13' title="bbox 0 0 1295 4042">
    <p class='ocr_par' dir='ltr' id='par_1_13' title="bbox 0 0 1295 4042">
     <span class='ocr_line' id='line_1_41' title="bbox 0 0 1295 4042; baseline 0 0"><span class='ocrx_word' id='word_1_290' title='bbox 0 0 1295 4042; x_wconf 95' lang='lat' dir='ltr'><strong> </strong></span> 
     </span>
    </p>
   </div>
  </div>
 </body>
</html>
