2567 4042
580 161 783 234 smil&

205 294 297 356 atasio
327 293 356 352 in
389 293 450 352 vito
471 290 578 354 Leonis
600 290 656 352 111.
678 291 713 352 ln
742 292 835 353 sacris
864 292 991 354 cimeliis
1015 297 1171 354 monaste·

205 377 243 436 rii
265 374 473 447 Ceutulensis
497 361 621 435 curante
644 375 820 453 ingilbertc
840 373 1012 437 centulensi
1034 374 1164 440 Attae,

207 457 416 519 asservabatur
445 454 643 534 Evangelium
675 475 751 518 auro
780 456 924 534 scriptum
956 474 1025 521 cum
1056 457 1167 520 tabulis
1248 488 1252 501 .

207 540 381 618 argenteis,
402 555 499 610 auro,
531 545 561 600 et
582 538 731 615 lapidibus
759 540 897 616 pretiosis
925 538 1052 600 mirifice
1079 556 1169 616 para,-

207 627 283 684 tum.
307 619 341 680 lu
363 619 513 682 Chronico
534 618 754 682 Fontanellensi
783 623 897 682 mentio
923 629 970 684 est
999 622 1037 683 de
1057 620 1171 684 Codice

205 704 412 784 pulcherrimo
433 709 563 778 quatuor
585 700 750 780 Evangelia
771 704 953 766 continente.

247 784 287 846 ll.
310 783 451 845 Solemne
473 785 565 846 etiam
587 783 647 844 luit
666 786 746 862 apud
768 784 899 864 majores
919 790 1049 857 nostros,
1065 792 1172 848 utco-

206 867 309 935 dices,
335 866 385 943 qui
405 866 488 941 apud
509 883 562 928 eos
584 868 685 943 magni
706 864 834 936 tierent,
858 869 959 930 aureis
985 868 1167 930 characteri·

206 949 281 1016 bus
285 951 495 1010 exararentur
520 948 561 1009 nt
586 965 661 1008 vero
684 946 849 1026 Evangelia
874 949 982 1010 litteris
1005 949 1169 1026 grandiori·

204 1033 287 1103 bus,
311 1028 552 1107 utplurimum,
577 1031 843 1093 conscribebantur
864 1037 899 1092 ut
919 1033 1025 1094 saltem
1046 1049 1169 1102 unum,

192 1118 261 1174 -aut
287 1112 346 1175 duo
374 1108 575 1189 Evangelia
568 1130 598 1172 m
625 1129 720 1173 unum
750 1112 892 1174 volumen
920 1113 1069 1194 compingi
1099 1130 1170 1190 pos-

207 1199 294 1264 sent,
308 1212 361 1254 ne
383 1194 478 1256 moles
503 1193 666 1254 voluminis
689 1195 816 1256 nimium
838 1202 1035 1257 excresceret
1058 1194 1170 1272 ltaque

207 1294 278 1340 cum
299 1277 461 1347 audimus,
484 1273 684 1364 Evangelium
707 1277 813 1338 litteris
833 1278 955 1347 aureis,
978 1278 1084 1354 priscis
1104 1293 1171 1338 sae

207 1359 284 1421 culis
304 1358 458 1422 Ecclesiae
481 1359 679 1452 exscriptum,
702 1377 768 1418 non
782 1377 905 1438 semper
924 1359 982 1420 bac
1002 1377 1078 1421 soce
1092 1377 1171 1440 qua

168 1503 170 1506 .
205 1447 276 1504 tuor
297 1439 472 1517 Evangelia
483 1439 630 1509 veniunt,
655 1442 707 1501 sed
728 1443 819 1502 nnius
851 1445 988 1509 maun,
1003 1447 1066 1503 aut
1092 1436 1173 1503 tao·

205 1542 276 1596 rum
298 1521 572 1600 Evangelistarum.
596 1521 787 1598 Quapropter
817 1540 889 1583 cum
910 1522 1093 1602 distinguere
1113 1541 1171 1588 vo·

174 1597 180 1606 '
207 1605 274 1666 lunt
294 1612 424 1682 quatuor
434 1601 630 1680 Evangelia
622 1621 653 1663 m
666 1622 762 1664 unum
775 1604 919 1665 volumen
932 1605 1057 1684 digesta,
1071 1604 1172 1666 Evan-

208 1687 322 1766 gelium
348 1687 517 1766 plenarium
540 1685 597 1746 boc
619 1684 762 1747 uolumen
784 1686 943 1764 appellant.

125 1785 127 1790 ·
248 1768 282 1829 ln
303 1767 483 1828 monasterio
504 1766 534 1828 S.
548 1766 706 1828 Maximini
725 1766 912 1830 Trevirensis
932 1769 1098 1831 Martenius
1119 1785 1171 1830 re·
1216 1781 1227 1800 ·

207 1851 286 1929 perit
305 1850 544 1913 vetustissimum
559 1847 793 1927 Evangeliorum
818 1867 960 1928 maguum
981 1856 1097 1912 textum
1120 1850 1170 1911 lit·

207 1933 279 1994 teris
306 1932 406 1995 aureis
432 1931 577 2008 scriptum
603 1948 639 1991 ac
660 1932 728 1992 visu
754 1931 1004 2010 pulcherrimum.
1026 1931 1173 1994 Comme·
1268 1990 1269 1999 ,

207 2020 344 2076 moratur
363 2018 518 2091 praeterea
543 2031 562 2074 a
585 2012 735 2074 Martenio
757 2014 835 2075 alius
864 2014 959 2076 codex
988 2013 1171 2091 Evangelio-
1266 2010 1270 2075 i

207 2114 277 2158 rum
305 2095 410 2158 litteris
441 2095 560 2156 aureis
570 2101 710 2155 exaratus
738 2082 771 2154 iu
790 2096 975 2157 membranis
1004 2097 1170 2175 pulcherri·
1269 2088 1270 2111 ¹

207 2179 287 2250 mis,
312 2179 364 2256 qui
385 2180 416 2237 in
429 2165 645 2253 Epternaoensi
666 2176 849 2238 Monosterio
864 2183 1047 2239 asservatur
1063 2177 1104 2242 Ut
1117 2195 1171 2239 au·

206 2266 269 2322 tem
290 2258 481 2321 decentius
473 2276 504 2316 m
526 2257 662 2318 Sacrario
684 2257 716 2316 bi
737 2257 856 2319 codices
877 2260 1107 2329 custodirentur,
1133 2278 1172 2320 o·
1269 2258 1270 2329 J

208 2342 394 2420 perimentis,
407 2357 462 2401 seu
484 2339 614 2434 capsulis
635 2339 814 2415 quibusdam
829 2341 1074 2419 contegebantur,
1088 2337 1171 2453 puae
1269 2400 1270 2417 p

208 2440 316 2500 capsae
338 2431 369 2484 et
390 2422 532 2482 camisiae
553 2419 1270 2498 appellauerunt*

133 2541 136 2548 -
220 2502 300 2564 lsti
326 2507 430 2566 autem
453 2500 688 2580 Evangelicrum
708 2504 847 2570 codices,
872 2521 1002 2581 quornm
1025 2505 1145 2566 lectio
1137 2497 1168 2566 ιιι

208 2593 397 2648 sacrosancta
417 2584 527 2646 Missae
549 2582 710 2644 sacrificio
719 2583 830 2655 fiebat,
854 2603 872 2645 a
894 2586 985 2647 medii
1006 2588 1073 2648 aevi
1096 2587 1169 2647 scri:-

208 2669 345 2747 ptoribus
361 2685 418 2728 nou
433 2685 494 2727 uno
506 2666 625 2726 nomine
639 2671 710 2726 sunt
723 2668 876 2747 appellati·
892 2668 1071 2746 quandoque
1085 2669 1168 2729 euim

208 2747 406 2828 Eccnpolicm
427 2754 554 2817 tantum,
571 2749 749 2826 quandoque
761 2748 1018 2826 Eoonpelicrinm,
1037 2754 1071 2812 ut
1084 2749 1170 2828 apud

208 2828 379 2892 Honorium
387 2829 708 2906 augustodunensem,
716 2826 1166 2909 aliquandoEoonpclistcsicm

209 2911 316 2976 Graeci
332 2910 424 2975 etiam
445 2913 625 2972 recentiores
639 2917 768 2990 quatuor
782 2911 1015 2988 Evangeliorum
1030 2911 1168 2975 codicem

208 2993 469 3073 Etanpeliatcaa‘on
492 3001 625 3062 vocantt
656 3013 715 3071 qua
736 2994 774 3056 de
796 3014 829 3057 re
850 2993 910 3055 late
925 2994 1092 3072 disceptant
1105 2995 1169 3056 leo
1268 3016 1269 3025 ¹

210 3075 355 3146 Allatius,
374 3079 405 3137 in
420 3075 634 3139 Dissertationc
649 3076 685 3136 de
698 3073 796 3136 libris
810 3076 1021 3138 molestantes
1038 3077 1171 3141 Gracco·

210 3177 299 3228 rnm3
323 3165 355 3220 et
375 3157 515 3233 (langius,
539 3160 569 3218 in
590 3154 738 3219 olom
756 3156 881 3221 Gracco.
894 3155 1055 3220 Praeterea
1067 3157 1173 3220 Ειιιιέ

207 3240 357 3316 galiorum
369 3239 516 3309 codicem
529 3239 666 3302 conllatis
677 3241 707 3299 in
718 3258 810 3300 unam
821 3237 939 3301 duabus
949 3241 1083 3308 vocibus
1093 3240 1170 3303 Tex-

210 3321 412 3416 tevangelium
438 3322 648 3400 appellarunt,
669 3337 748 3398 quae
771 3338 831 3384 ιοι
852 3323 881 3382 in
895 3322 1047 3384 vetenbus
1061 3341 1171 3384 monu-

210 3403 320 3466 mentis
340 3402 594 3490 deprehenditur,
622 3409 656 3468 ut
678 3402 843 3480 plurimum
858 3421 932 3465 vero
951 3403 1079 3499 simplici
1092 3421 1171 3475 voce

154 3551 157 3558 ,
208 3483 326 3546 'sextus
345 3490 391 3546 est
410 3483 598 3563 appellatns;
621 3482 710 3564 cujus
731 3486 814 3548 vocis
836 3485 1007 3548 testimonia
1033 3485 1120 3566 plura
1148 3504 1168 3548 a

210 3563 325 3647 Gangis
345 3567 523 3632 alleruntur.
