2567 4042
596 194 800 268 wilm

225 324 307 383 xima
329 323 404 385 haec
419 325 540 404 exurgit
560 327 780 405 praerogativa,
797 325 876 401 qnod
899 322 970 386 Jesu
984 324 1097 387 Christi
1112 324 1171 385 Do-

182 410 186 417 '
225 407 299 465 mini
320 424 372 467 ore
394 411 497 467 sancio
518 405 611 491 luerit
637 408 776 487 prolata3
801 408 856 485 ipsi
889 424 1018 483 namque
1045 407 1173 486 ejusque

224 488 378 566 discipulis
410 486 467 550 luit
491 491 680 561 remacula;
703 496 794 567 atque
826 490 917 550 etiam
939 488 1049 564 Legem
1084 506 1172 550 suam

157 644 161 649 g
224 567 436 649 Evangelicam
464 571 604 649 vitaeque
616 577 759 633 aeternae
774 572 932 649 promissa,
950 572 1059 647 quibus
1074 573 1173 633 omnis

223 656 324 712 nostra
345 653 561 730 spesnilitur,
584 656 614 713 iu
636 672 672 715 ea
696 656 825 733 primum
847 654 948 732 lingua
969 654 1082 714 mundo
1106 672 1173 733 pro·

223 734 387 811 mulgent,
410 740 442 795 et
461 735 493 793 in
514 736 620 795 cadem
641 737 809 797 celebrasse
829 752 916 797 sacra
938 752 996 794 non
1017 742 1063 796 cst
1083 736 1174 796 dubi·

223 818 359 887 tandum,
376 823 411 876 ut
432 816 522 877 etiam
537 823 639 878 censet
653 818 794 879 Claudius
809 815 935 879 Frassen
958 817 988 877 in
1008 835 1063 879 suo
1078 836 1173 894 opere
1188 878 1192 888 ,

223 898 379 975 inscripto:
402 894 633 977 Dicquisc'tc'oncs
646 896 781 960 Bibliccc
801 899 868 960 Lib.
891 899 906 959 1
926 897 998 977 Cap.
1016 900 1036 958 '1
1059 900 1173 977 aliique

224 997 284 1039 non
306 978 406 1057 pauci.
422 979 508 1053 Quae
527 982 648 1058 quidem
666 982 766 1061 lingua
781 1000 798 1043 a
812 979 959 1042 cardinali
974 980 1054 1041 Bona
1071 980 1144 1041 Lib.
1161 982 1175 1042 1
1261 1018 1262 1025 κ

223 1058 295 1141 Cap.
319 1060 386 1120 ln.
410 1060 430 1120 la
450 1060 607 1123 chaldaica
631 1067 938 1141 nuncupatur:.rocat
959 1080 1033 1124 vero
1053 1062 1094 1122 ihi
1118 1063 1176 1123 lin-

213 1160 314 1221 -gnam
329 1141 519 1205 Chaldaicam
542 1145 636 1216 illam,
652 1162 744 1222 quam
767 1146 817 1205 alli
832 1145 998 1224 Syriacam,
1015 1144 1063 1213 vel
1080 1144 1176 1224 Syro-

171 1259 173 1264 ·
213 1223 416 1286 Chaldaicam
432 1227 594 1305 appeliant,
611 1244 690 1304 quae
718 1226 833 1289 scilieet
854 1245 892 1287 ex
907 1228 1006 1305 lingua
1021 1224 1177 1289 Hebraico

213 1315 258 1368 cl
278 1306 440 1369 chaldaica
471 1316 536 1370 orta
557 1314 604 1369 est
623 1313 662 1370 ct·
676 1326 734 1387 qua
755 1306 886 1371 Hebraei
896 1340 913 1381 ·,
949 1308 992 1370 uti
1014 1308 1174 1379 diximus,
1268 1364 1269 1367 ,

211 1389 379 1471 -Babyloue
400 1390 541 1468 degentes
562 1392 673 1469 captivi
696 1390 912 1469 loquebantur,
934 1398 967 1453 et
986 1408 1064 1467 quae
1079 1408 1114 1451 a*
1127 1410 1178 1453 -rc-
1261 1402 1269 1431 ²

210 1474 311 1551 ginno
333 1474 362 1532 in
384 1488 475 1549 quam
498 1473 564 1550 post
582 1472 788 1551 captivitatem
809 1474 940 1550 regressi
954 1478 1034 1539 sunt,
1048 1471 1179 1553 Syriaca
1262 1466 1269 1549 i

214 1556 262 1614 ab
283 1553 434 1631 aliquibus
455 1554 534 1614 dicta
556 1552 630 1626 luit,
654 1556 692 1615 ab
713 1554 779 1616 aliis
800 1572 873 1615 vero
893 1552 1178 1634 Syro-Chaldaica,
1262 1553 1264 1631 l

223 1643 256 1697 el
285 1636 414 1712 denique
433 1652 452 1695 a
473 1636 623 1696 nonnullis
655 1638 746 1699 etiam
768 1634 945 1706 Hebraica,
968 1637 1039 1714 quia
1052 1639 1177 1716 populo
1263 1632 1264 1658 ¹

224 1717 368 1779 hebraice
387 1716 549 1777 vernacula
572 1723 650 1779 erat.
1152 1738 1156 1747 ·
1264 1723 1265 1733 ¹

264 1797 307 1858 il.
329 1798 497 1861 cardinalis
511 1798 593 1859 unna
615 1800 722 1862 asserit
736 1798 895 1878 Apostolos
917 1816 1086 1876 eorumque
1100 1818 1180 1862 suc·
1263 1850 1264 1855 1

211 1896 360 1943 ‘cessores
381 1898 417 1941 eo
435 1882 575 1941 idiomate
598 1882 628 1941 in
650 1881 774 1960 singulis
788 1881 960 1959 regionibus
982 1898 1054 1941 usos·
1066 1882 1177 1950 luisse,
1263 1944 1264 1951 ,

213 1964 306 2039 quod
330 1970 399 2024 lune
420 1963 478 2023 illis
498 1974 668 2032 commune,
693 1969 725 2025 et
744 1964 940 2025 vernaculum
961 1969 1049 2024 arat:
1079 1970 1111 2025 et
1136 1966 1179 2027 ita
1263 2032 1264 2038 ἵ

212 2043 444 2124 ‘Hierosolymis
473 2044 652 2116 chaldaica3
684 2045 883 2117 Antiochiae,
907 2044 1118 2116 almannus,
1144 2054 1179 2107 et

212 2130 254 2187 in
275 2128 352 2187 -aliis
368 2126 557 2190 Graecorum
586 2127 783 2197 civitatibus,
807 2144 914 2206 graeca
934 2148 942 2197 3
965 2128 1077 2187 Romae
1097 2145 1180 2190 vero
1264 2156 1270 2189 ι

222 2216 255 2271 ct
274 2210 315 2269 'in
338 2215 400 2270 toto
422 2209 607 2280 Occidente,
631 2210 721 2270 latina
745 2210 845 2287 lingua
867 2210 1035 2271 celebrasse
1057 2218 1178 2272 censa.
1265 2232 1266 2237 ¹

223 2292 307 2353 Alias
329 2292 420 2351 ctiam
445 2291 560 2371 linguas
580 2292 611 2351 iu
633 2292 726 2352 sacris
740 2290 884 2369 Liturgiis
897 2291 1047 2351 adhibitas
1066 2290 1179 2358 luisse,

211 2371 374 2433 nonnullis
394 2372 540 2450 exemplis
553 2369 596 2435 ¹et
613 2373 809 2449 argumentis
837 2373 1014 2451 comprobat
1035 2373 1179 2436 Manena

224 2454 269 2516 nc
290 2454 433 2533 Accipere
454 2453 604 2516 Ecclesiae
618 2453 744 2515 'Ililibrcc
765 2451 829 2514 Lab.
846 2454 869 2515 Ι
887 2454 967 2535 'Cup
983 2452 1037 2513 111
1056 2464 1120 2513 art.
1142 2458 1178 2517 2.

223 2534 320 2611 igitur
341 2534 401 2596 hoc
415 2541 530 2596 tantum
554 2554 714 2615 possumus
728 2535 900 2604 adfirmare,
918 2535 1099 2597 hodiernum
1116 2535 1178 2599 Ee·

209 2617 407 2679 ‘clasiaslicae
427 2618 601 2694 disciplinae
623 2634 711 2679 usum
733 2619 908 2683 obtinuisse,
932 2623 968 2678 ut
988 2610 1079 2678 blissa
1101 2636 1179 2681 noa·
1269 2648 1270 2653 ¹

224 2699 280 2759 nisi
306 2700 401 2761 tribus
424 2700 531 2779 linguis
544 2698 708 2769 Hebraica,
724 2696 841 2762 Graeca
856 2705 887 2760 et
901 2698 1005 2759 Latina
1021 2698 1177 2764 celebrari
1269 2776 1270 2779 Ἴ

223 2781 436 2858 praecipiatur,
453 2797 523 2843 cum
546 2782 650 2844 multis
671 2798 707 2841 ac
720 2778 807 2859 justls
822 2780 987 2842 rationibus
1001 2786 1178 2846 maternam

222 2877 258 2921 ac
280 2863 473 2926 vernaculam
491 2865 620 2925 aliorum
634 2864 814 2943 populorum
830 2863 962 2942 linguam
977 2864 1039 2924 suis
1054 2863 1179 2943 legibus

214 2941 356 3005 Ecclesia
381 2945 603 3025 proscripserit,
620 2952 651 3005 et
666 2946 780 3005 nonnisi
794 2944 896 3023 aliquo
912 2945 1034 3023 speciali
1049 2948 1180 3021 privile-

223 3028 272 3105 gio
286 3028 324 3087 ab
340 3027 398 3088 hae
411 3027 478 3105 loge
491 3028 622 3106 aliquam
633 3028 786 3089 nationem
801 3026 1026 3107 dispensaverit.
1035 3026 1083 3087 Sic
1099 3028 1179 3107 Sae-

208 3110 292 3170 culo
312 3128 390 3171 nono
412 3109 526 3171 Sclavis
546 3109 583 3171 ad
598 3106 689 3168 fidem
706 3108 892 3171 Catholicam
906 3110 1061 3169 conversis
1076 3108 1175 3173 Ioan-

209 3208 279 3251 nes
298 3190 371 3252 vill
393 3192 552 3269 permisit,
575 3196 611 3251 ut
629 3191 729 3251 divina
750 3190 845 3251 ollicia
878 3196 909 3251 ct
929 3208 1046 3250 sacram
1067 3190 1177 3257 Litur-

207 3271 302 3348 giam
336 3275 435 3351 lingua
456 3272 631 3335 Schromca
663 3288 807 3351 peragere
829 3277 960 3349 nossent
985 3267 1174 3336 Laudandus

208 3359 322 3415 umen
352 3359 399 3417 est
429 3356 598 3432 praedictus
630 3354 803 3431 disciplinae
823 3354 1050 3415 Ecclesiasticae
1072 3374 1175 3423 usus,

208 3438 429 3513 praescribens
443 3438 622 3514 regulariter
635 3435 785 3515 Litargias
807 3452 864 3495 uon
879 3453 946 3497 esse
960 3436 1177 3501 celebrandas,

209 3517 279 3577 nisi
303 3517 702 3595 tribus·praelatic'linguis.
725 3516 847 3579 Conlcrt
866 3520 959 3579 ⁴eninr
981 3519 1110 3580 mullum
1134 3522 1177 3582 ad

212 3601 369 3663 unitatem
400 3601 431 3660 in
459 3598 595 3662 Ecclesia
624 3598 806 3661 servandam
837 3600 963 3663 Sacrum
991 3600 1181 3681 Mysterium,
