2567 4042
640 175 866 246 *Μὸὅᾶ

269 314 332 375 re,
363 315 394 373 ut
417 313 498 386 patet
527 325 563 364 ex
586 305 697 366 Sancto
719 304 872 382 Siep-lrane
893 305 1009 364 Abbate
1030 303 1199 368 obazinensi,

267 388 355 450 lrrxta
375 391 477 448 crarios
499 387 631 448 Itiirrales
654 387 789 452 Codices.
818 389 918 448 variae
940 389 1030 447 ettam
1055 394 1122 448 suut
1140 389 1203 450 lita·

267 472 335 530 uiae
358 489 425 531 cum
448 471 539 528 variis
560 469 700 537 Sanctis,
724 469 875 547 firritisque
897 468 1074 530 Sanctorum
1098 473 1201 530 nomini·

238 573 249 582 -
268 554 334 621 bus,
358 555 460 611 variae
485 569 589 627 preces
606 551 861 629 subjiciebantur,
876 553 918 612 uti
940 551 1042 613 videre
1059 558 1103 612 est
1124 554 1149 611 in
1163 571 1202 612 an-

268 635 357 711 tiquis
380 633 591 708 manuscriptis
611 633 883 694 Consuetudinibus
904 632 1077 694 Mouastcril
1103 633 1203 695 Clunia·

266 719 361 776 censis
381 717 462 792 apud
484 717 621 777 Matiene
643 715 711 774 Lib.
736 712 762 773 V
784 715 829 775 De
851 714 983 792 antiquis
1005 714 1201 776 Menaenorum

267 796 396 865 ltitibus,
420 795 494 874 Cap'.
518 795 563 855 tx
585 816 616 856 n.
640 795 672 855 9.

307 878 347 939 ll.
383 880 439 938 Sed
463 876 651 956 explicemus
672 895 750 938 nunc
772 875 954 946 Orationes,
985 897 1060 954 quas
1082 879 1202 939 dicendas

253 962 444 1037 praescribit
459 960 591 1027 Rituale,
616 979 684 1020 cum
708 963 736 1020 in
753 977 848 1036 agone
870 960 915 1019 sni
930 962 1029 1020 exibis
1050 963 1145 1034 anima
1164 979 1203 1020 an·

265 1042 376 1102 xiaiur.
395 1043 494 1102 Prima
508 1042 613 1102 Oratio
628 1047 690 1102 est:
710 1040 902 1122 Proficiscere
918 1042 1022 1101 enirna
1041 1041 1202 1104 Christiane

266 1127 324 1182 etc.
349 1142 427 1199 quae
451 1126 480 1182 iri
495 1124 585 1183 aeriis
607 1121 775 1184 Rilualibus
798 1123 907 1200 legitur
928 1141 944 1182 a
965 1124 1102 1183 Matiene
1122 1125 1202 1184 allatis

263 1203 330 1263 Lib.
350 1208 392 1267 De
407 1207 540 1285 antiquis
555 1203 773 1266 Menaenorum
788 1202 907 1264 Ritilras
921 1203 994 1282 Cap.
1011 1203 1069 1264 lx.
1087 1203 1139 1266 Est
1152 1205 1202 1281 qui-

265 1285 332 1346 dem
357 1291 454 1364 prima
471 1288 669 1356 denunciatio,
693 1303 769 1365 quae
791 1285 827 1346 fri
841 1285 968 1354 animae,
995 1291 1027 1346 ui
1042 1305 1149 1362 corpus
1163 1289 1203 1348 de·

264 1377 345 1430 serat
365 1377 394 1428 et
417 1371 454 1428 ab
475 1389 512 1430 eo
534 1377 703 1444 separetur,
728 1375 817 1444 atque
840 1367 876 1426 ad
898 1385 982 1428 suam
1006 1371 1202 1430 aeternitatem

264 1469 295 1509 se
321 1451 466 1510 corrierat.
495 1450 574 1510 Vere
596 1457 643 1511 est
668 1450 812 1512 terribilis
837 1449 1037 1518 denunciatio,
1064 1451 1101 1509 ad
1121 1459 1200 1527 boam

264 1535 426 1592 merientes
447 1533 494 1593 vel
511 1534 703 1592 sanctimonia
728 1531 856 1606 insignes
885 1533 1101 1592 contremuisse
1116 1533 1204 1612 legun·

264 1620 331 1681 tur,
356 1616 432 1678 inter
455 1634 530 1691 quos
551 1615 582 1674 S.
600 1613 749 1679 Hilurica,
774 1630 842 1671 cunr
866 1615 1083 1687 octogesimum
1106 1631 1201 1674 aurnuns

265 1713 366 1771 agens,
392 1696 492 1756 multis
513 1695 900 1758 aedificatis'monasteriia
925 1695 1069 1755 etclarus
1093 1697 1203 1756 miraca-

263 1777 298 1835 lis
314 1779 341 1835 iu
358 1778 498 1838 morbum
517 1779 678 1838 incidisset.
696 1775 833 1838 Continet
844 1776 918 1835 haec
933 1776 1123 1838 denunciatio
1135 1796 1202 1838 com-

264 1858 405 1933 pendium
421 1859 606 1920 Litaniaram
628 1860 691 1938 jam
714 1860 924 1928 castiniacum,
949 1864 980 1918 ei
1000 1860 1135 1918 omnium
1157 1859 1203 1920 Or·

263 1942 364 2000 diuum
380 1939 658 2009 Hierarclricorum‚
683 1959 811 2018 qarorum
829 1941 858 1997 in
875 1939 997 1998 Litaniis
1013 1941 1148 2002 iaciaesi
1161 1959 1203 2020 per

263 2024 381 2081 rronrina
405 2024 601 2088 cntrmeraiio‚
626 2023 847 2083 aSauetissima
864 2019 1008 2082 Trinitate
1033 2023 1149 2082 initium
1163 2041 1202 2101 su·

262 2123 359 2170 urens,
383 2110 524 2178 eiusque
546 2104 582 2163 ad
599 2103 720 2166 Sanciae
735 2105 873 2182 Virgines
890 2145 898 2171 ,
922 2109 953 2164 ei
973 2121 1078 2164 munes
1092 2103 1202 2164 Sanctae

262 2191 291 2245 et
313 2186 437 2246 Sanctus
461 2185 513 2246 lici
536 2187 719 2247 descendeus
741 2191 772 2246 et
794 2186 970 2262 procedens.
994 2193 1114 2246 servato
1135 2187 1202 2248 ordi·

263 2285 299 2328 ne
323 2266 522 2327 litaniarum.
547 2266 652 2330 Oratio
670 2265 849 2330 Corromcndo
874 2277 900 2325 te
927 2267 1125 2346 omnipotenti
1139 2267 1201 2332 eto,

260 2355 305 2408 est
327 2350 440 2426 integra
463 2347 612 2427 Epistola,
635 2368 726 2427 quam
749 2347 779 2408 S.
801 2347 911 2409 Petrus
928 2333 1073 2409 'ilamiani
1095 2351 1202 2428 scripsit

259 2431 433 2490 amicosne
455 2433 620 2501 morienti,
647 2439 679 2491 ut
701 2431 788 2491 lacile
811 2430 943 2507 dignosci
967 2437 1065 2508 potest
1086 2450 1124 2492 ex
1145 2429 1201 2508 ejus

258 2512 412 2586 operibus.
436 2512 624 2591 Cuicumque
640 2513 800 2578 versiculo,
818 2529 872 2572 seu
888 2515 1098 2590 supplicationi
1113 2515 1141 2573 in
1154 2515 1200 2574 bac

258 2593 392 2654 oratione
405 2599 560 2657 contentae
578 2595 775 2673 respondetur
791 2611 845 2671 per
860 2594 1012 2656 adstantes
1035 2615 1133 2666 omen,
1156 2610 1200 2673 per

258 2675 334 2748 quod
357 2676 486 2737 verbum
508 2677 660 2737 affirmant
682 2677 709 2736 id
724 2676 802 2754 q'uod
825 2676 1019 2737 aSacerdote
1034 2676 1200 2754 pronuncia·

256 2758 321 2815 tum
345 2763 399 2816 est.

296 2835 352 2897 lll.
376 2836 461 2900 Hora
482 2840 581 2900 exitus
603 2857 672 2900 curn
695 2839 734 2899 sit
755 2840 894 2911 incerta,
929 2838 1050 2902 difficile
1072 2841 1135 2900 dari
1157 2858 1199 2917 po·

255 2923 313 2979 test
335 2926 365 2979 ct
387 2921 551 2996 praescribi
573 2939 679 2980 norma
702 2927 733 2980 ei
748 2937 892 2982 numeros
914 2921 1085 2982 orationum
1108 2923 1198 2982 diceu-

255 2997 374 3061 darum.
400 2999 587 3079 Evangelio,
611 3020 664 3062 seu
685 2999 840 3063 Historiae
861 3003 1010 3064 Passionis
1032 3003 1197 3064 Dominicis

253 3098 309 3157 per
330 3081 360 3142 S.
379 3082 519 3144 loannem
542 3083 763 3161 Evangellstam
786 3086 969 3161 conscriptae
992 3086 1086 3146 s'olnit
1106 3085 1199 3146 Eccle-

253 3163 320 3230 sia,
344 3168 377 3224 ut
393 3167 590 3242 praecederet
603 3165 710 3226 Oratio
732 3183 748 3224 a
773 3163 928 3230 Salvatere
950 3165 1029 3226 iacta
1051 3176 1119 3230 ante
1142 3163 1197 3242 ejus

254 3260 393 3319 agonem,
419 3248 447 3306 in
463 3265 522 3324 qua
544 3251 665 3324 praeter
687 3247 756 3316 olla,
780 3247 863 3309 adest
886 3248 933 3309 illa
956 3250 1092 3311 excelsae
1113 3253 1142 3310 ei
1160 3248 1197 3306 in-

252 3320 353 3400 finitae
376 3329 600 3389 misericordiae
622 3335 653 3390 ei
675 3329 1028 3409 charitatisexpressie:
1059 3328 1193 3396 Potens·

252 3403 472 3485 loannes‘Cap.
496 3409 627 3480 xvttt,
652 3429 723 3489 qnos
745 3409 852 3472 dedisti
874 3413 970 3482 milri,
993 3415 1073 3484 eolo,
1096 3423 1127 3474 nt
1152 3410 1196 3470 oli

253 3503 319 3542 sem
341 3505 401 3564 epo,
427 3502 452 3550 et
467 3493 514 3552 illi
526 3494 587 3552 sint
602 3511 728 3559 mociano,
745 3512 762 3552 a
778 3511 838 3570 qua
855 3495 984 3555 moriens
1001 3513 1123 3573 magnae
1134 3509 1194 3552 oon-

253 3565 403 3628 solationis
425 3580 637 3650 argumentum
661 3574 821 3636 desumere
837 3583 935 3654 potest
956 3595 1010 3655 pro
1025 3587 1141 3641 aeterna
1156 3573 1193 3635 sui
