2567 4042
607 187 832 262 *4328*

240 320 321 384 oium
344 339 472 399 parrum
485 321 682 384 Beatissimae
704 318 848 398 Virginis.
872 316 973 391 Extra,
986 315 1122 379 Olenum
1136 321 1193 378 am
1254 394 1255 401 ἵ

240 399 405 543 quaduales
427 421 517 480 quam
533 401 766 464 Poenilentiales
784 401 929 478 incipiunt
949 405 980 460 et
1001 400 1194 480 terminantur

240 485 389 546 asolute.
876 518 880 526 ·

281 564 321 625 ll.
347 563 455 626 Psalmi
476 564 708 642 Poeuitentiales
729 583 854 626 numero
875 569 991 640 septem
1014 581 1052 624 er
1073 567 1194 624 centum

241 648 455 724 quinquaginta
476 647 601 708 Psalmis
623 647 776 708 Dauidieis
798 646 970 724 desumpti,
1001 663 1035 704 ac
1066 646 1108 704 ita
1127 643 1194 702 dicti

241 728 321 808 quod
344 729 380 788 ad
396 732 607 806 poenitentiam
623 732 783 808 pertinent.
802 727 999 805 antiquissimi
1016 733 1085 787 sunt
1100 726 1128 785 in
1140 722 1195 784 Ec·

241 811 345 885 etesia,
369 816 459 886 atque
482 813 511 871 in
526 813 617 872 variis
634 812 836 872 functionibus
850 809 965 870 usitati.
988 808 1192 884 Cassiodorus
1254 822 1255 887 J

243 893 272 950 in
295 911 347 952 suo
371 893 479 954 celebri
503 893 725 954 Commentario
750 893 786 952 ad
809 891 964 956 PsalmoS.
995 909 1085 966 quern
1111 906 1192 948 surn-
1254 932 1255 955 2

242 993 366 1052 mopere
390 973 491 1034 iaudat
512 974 612 1036 Sixtus
635 975 773 1036 Senensis
794 974 824 1034 in
846 991 900 1032 sua
914 971 1104 1032 Bibliotheca
1124 970 1194 1030 Sau-
1254 968 1255 979 ¹

243 1065 303 1123 cta,
327 1057 449 1135 exponit
470 1064 584 1132 septem
608 1075 674 1118 esse
696 1055 927 1116 Poenilentiales
948 1051 1106 1122 Psalmos,
1130 1053 1195 1128 quia
1254 1056 1255 1071 ¹

245 1137 369 1198 totidem
393 1137 489 1197 modis
513 1139 709 1199 remittuntur
732 1143 854 1216 peecata
877 1142 999 1203 nostra,
1025 1135 1193 1210 Baptismo‚
1254 1156 1255 1169 ¹

244 1220 378 1300 passione
402 1221 562 1299 martyrii,
586 1222 790 1298 eleemosyna,
822 1218 998 1279 dimittendo
1022 1217 1110 1287 aliis,
1134 1233 1198 1275 con·

246 1300 389 1362 vertendo
412 1302 511 1372 alios,
540 1302 723 1362 abundantia
745 1303 920 1366 charitatis,
950 1304 981 1358 et
1002 1299 1194 1377 poenitentia.
1254 1296 1255 1355 l

245 1383 337 1443 Recte
361 1387 463 1442 autem
486 1388 630 1445 statutum
653 1390 717 1451 cst,
740 1392 775 1444 ut
795 1382 881 1442 llexis
902 1382 1026 1459 genibus
1049 1382 1196 1446 dicantur,
1254 1392 1255 1401 ¹

244 1467 394 1541 pertinent
415 1466 495 1524 enim
525 1465 561 1524 ad
585 1465 809 1542 poenitentiam.
840 1464 1030 1524 Innocentius
1051 1461 1095 1522 lll
1116 1461 1199 1540 jussit
1254 1474 1255 1477 ’

149 1581 152 1585 -
246 1562 297 1606 eos
319 1545 438 1606 recitari
463 1549 490 1605 iu
512 1546 762 1624 Quadragesima‚
791 1565 830 1606 ex
852 1545 1013 1621 Radulpbo
1037 1542 1193 1618 PropSl,
1254 1604 1255 1611 q

246 1629 318 1702 quia
341 1632 459 1703 tempus
480 1636 526 1689 est
545 1633 749 1706 ‘opportunum
781 1629 819 1687 ad
842 1628 1067 1704 poenitentiam.
1095 1623 1198 1702 Fepiae
1254 1646 1255 1671 2

246 1703 355 1768 Sextae
377 1711 518 1786 assignati
542 1709 661 1770 luerunt
683 1713 711 1769 in
733 1711 970 1788 Quadragesima
1005 1706 1077 1768 aS.
1101 1707 1150 1766 Pio
1174 1703 1197 1764 t'
1254 1770 1255 1787 .

246 1807 315 1848 cunr
333 1796 419 1848 antee
435 1793 567 1868 quotidie
584 1791 784 1853 recitarentur
799 1793 829 1851 io
844 1792 961 1852 eadem.
974 1789 1109 1862 Quilibet
1121 1786 1199 1846 Psal·
1254 1792 1255 1813 .

247 1889 315 1930 mus
339 1871 527 1934 concluditur
549 1893 618 1936 cum
641 1873 796 1936 Trinitatis
819 1872 1033 1951 glorificatione
1055 1871 1198 1936 solita‚a

247 1971 305 2029 qua
321 1959 459 2031 speratur
475 1956 573 2014 divina
589 1957 685 2030 gratia
701 1974 754 2034 per
771 1955 994 2035 poenitentiam.
1019 1955 1116 2028 gratia
1129 1967 1198 2010 uero
1254 1976 1255 2017 3

248 2035 357 2096 dicitur
381 2035 475 2110 gloria
499 2035 564 2096 Del.
589 2037 764 2098 Recitantur
786 2043 853 2116 post
873 2037 991 2096 Laudes
1013 2035 1100 2104 diei,
1123 2033 1198 2092 dioto
1254 2032 1255 2041 ’

247 2115 466 2178 benedicamus
488 2119 616 2178 Domino
639 2125 670 2179 et
692 2119 756 2180 Deo
779 2120 899 2198 gratias.
922 2124 955 2178 et
975 2123 1045 2180 aute
1060 2116 1197 2178 Primam.
1254 2118 1255 2177 3

250 2198 318 2276 quia
339 2197 440 2276 justus
463 2201 490 2258 in
513 2201 659 2278 principio
681 2201 738 2260 diei
761 2205 920 2262 accusator
941 2205 986 2260 est
1007 2198 1066 2258 sui.
1254 2206 1255 2271 3

289 2277 343 2338 lll.
369 2279 502 2341 litaniae
523 2299 630 2342 nomen
655 2283 860 2361 multipliciter
875 2283 1022 2342 sumitur:
1044 2275 1196 2355 aliquando
1254 2274 1255 2349 ζ

249 2359 562 2424 eniml'rocessionem
580 2361 1197 2441 significat3ethaosignillcationebnasta·
1254 2360 1255 2389 l

249 2443 311 2503 sius
331 2444 360 2500 in
375 2441 446 2504 Vita
469 2445 565 2522 Sergii
581 2443 679 2522 Papae
694 2465 762 2524 pag.
779 2445 838 2508 let
860 2447 967 2522 inquit,
983 2443 1149 2506 Constituit
1168 2443 1198 2498 ot

251 2523 352 2585 diebus
362 2526 617 2593 denuntiationis,
625 2528 752 2588 Domini
765 2522 953 2593 Natiuitatis,
967 2537 993 2586 ot
1008 2522 1200 2584 Dormitr'onir

251 2605 376 2666 Sooctoe
400 2607 457 2666 Dei
481 2605 644 2670 Goultrr'cis
657 2607 781 2671 Litooio
801 2618 888 2670 exeat
908 2627 928 2667 o
942 2608 1053 2668 Soneio
1068 2603 1200 2664 Hadria·

251 2707 299 2755 oo,
317 2699 342 2748 et
357 2687 397 2746 od
414 2685 556 2751 Sooctom
569 2689 704 2752 Marium
717 2693 844 2772 populos
859 2699 1012 2750 occurrat.
1036 2684 1200 2762 Aliquando
1254 2694 1255 2701 ’

129 2842 132 2858 ι
251 2768 398 2847 significat
412 2772 623 2849 quodcumque
635 2791 729 2848 genus
743 2792 880 2851 precum.
898 2768 1068 2849 Aliquando
1084 2769 1199 2827 demum
1254 2758 1255 2821 l

252 2849 369 2911 Litania
392 2852 538 2927 significat
560 2855 722 2930 quamdam
744 2857 852 2915 seriem
876 2853 1078 2915 Sanctorum.
1105 2851 1155 2925 qui
1176 2850 1200 2906 in
1254 2922 1255 2925 Ἴ

252 2934 430 3010 quibusdam
447 2935 586 3013 precibus
602 2935 739 2997 coluntur
755 2943 787 2996 ct
806 2939 995 2996 invocantur.
1020 2929 1147 2992 Difficile
1160 2934 1200 2990 est
1254 2960 1255 2967 .

251 3013 439 3076 Litanlarum
464 3016 600 3092 prolerre
630 3023 798 3079 auctorem.
823 3016 989 3078 Cardinalis
1010 3013 1201 3074 bellarminus

142 3147 145 3154 .
253 3094 341 3156 Tem.
366 3095 394 3157 ll
418 3098 700 3161 Controuersiarum
719 3097 785 3161 Lib.
811 3099 826 3160 I
853 3099 897 3158 Dc
925 3098 1109 3160 Sanctorum
1135 3092 1200 3154 uu·
1254 3156 1255 3165 ¹

254 3177 418 3258 tificotr'ono
440 3177 570 3258 Cap.19
592 3180 678 3241 allent
698 3179 832 3242 Concilio
853 3181 1004 3240 celebrata
1027 3183 1097 3238 ante
1117 3188 1198 3237 annos

253 3260 318 3320 lere
341 3262 444 3330 mille,
469 3263 498 3320 in
521 3263 630 3338 quibus
654 3264 767 3323 mentio
790 3263 825 3325 tit
846 3262 1061 3334 Litaniarutn,
1089 3264 1121 3319 et
1139 3273 1198 3316 oon

254 3341 348 3402 tendit
370 3344 399 3400 in
421 3344 463 3404 eis
487 3363 543 3404 non
574 3345 675 3404 vocari
698 3344 829 3406 Litanias
849 3345 948 3404 solum
971 3340 1069 3421 Kyrie
1089 3340 1196 3405 eleisum

256 3431 282 3482 et
307 3423 421 3485 Cbrr'ste
445 3426 574 3497 eleison,
600 3427 653 3488 sed
675 3427 753 3504 ipsas
775 3427 982 3499 ¹invocationes
1003 3424 1059 3483 Dei
1086 3427 1117 3482 et
1136 3419 1198 3480 Sarr-

223 3503 228 3510 ’
254 3510 385 3564 ctorum.
401 3504 515 3570 Rursus
539 3508 567 3566 in
590 3508 808 3586 Antipbooario
832 3507 865 3568 S.
888 3502 1025 3585 Gregorii
1047 3502 1153 3582 Papae,
1173 3501 1196 3558 5¹¹

28 3625 30 3704 q
257 3585 356 3644 luceru
379 3587 459 3648 edito
480 3607 497 3650 a
520 3588 692 3652 Venerabili
715 3589 770 3652 Dei
792 3589 886 3652 Serto
908 3586 1059 3652 Cardiuali
1080 3585 1196 3647 Tlroma·
