2567 4042
629 205 691 268 &t
712 195 853 266 202&-

266 322 366 403 major
388 323 481 400 ipsius
504 318 655 384 Ecclesiae
677 323 764 386 offert
786 325 828 384 illi
850 343 959 402 aquam
974 325 1169 394 benedictam,
1182 329 1207 384 ut

267 425 300 468 se
321 411 353 466 et
373 405 602 466 circumstantes
623 414 771 484 aspergat,
796 412 826 467 et
847 407 918 466 thus
939 409 968 466 in
991 407 1147 468 thuribulo
1166 424 1207 485 no·

264 489 406 549 nendum.
432 485 499 560 Quo
526 486 616 555 iacto,
641 487 720 550 idem
742 487 908 560 Praelatns‚
927 488 973 549 vel
995 488 1092 567 major
1114 489 1206 551 Eccle-

225 573 229 582 ’
263 573 335 638 siae,
359 569 491 630 incensat
505 567 587 628 illum
602 570 713 630 solum.
731 572 844 632 Deinde
867 573 1030 648 procedens
1053 574 1091 634 ad
1114 574 1204 633 Altaro

262 650 536 731 majonlicclesine,
550 654 582 711 et
593 652 633 711 ibi
649 652 720 714 dnm
737 672 826 732 super
841 651 1006 741 faldistorio
1017 662 1085 716 orat
1099 654 1204 715 Praela-

262 743 333 803 tus,
358 752 412 794 sen
436 732 583 811 Legatus,
609 731 764 795 Praelntus
785 735 936 797 Ecclesiae
957 735 1029 794 dicit
1050 738 1205 801 orationem
1257 734 1259 807 J

268 815 459 895 Omnipotens
480 817 656 895 sempiterno
680 817 768 877 Dent.
786 817 893 877 Postea
915 817 1068 881 Praelatus
1091 819 1140 880 vel
1160 817 1204 876 lc-

262 904 349 976 gatus
364 898 498 957 ascendit
518 898 554 956 ad
578 896 693 963 altaro,
710 898 781 959 dicit
795 900 961 960 orationem
982 900 1018 961 de
1033 899 1141 962 Sancto
1162 899 1203 960 Pa·

262 985 362 1046 trono⁴
376 985 406 1040 et
426 979 477 1039 dat
498 980 735 1041 benedictionem
758 983 922 1043 solemnem
946 983 1065 1062 populo.
1082 981 1201 1055 Qtiaein

261 1061 319 1123 hoc
342 1067 443 1121 nostro
466 1059 627 1122 Pontificali
650 1065 946 1140 praesentaneum,
970 1067 1073 1124 extant
1093 1066 1202 1140 quiden

261 1145 292 1203 in
315 1141 540 1212 pontificatibus
554 1151 622 1204 ante
638 1141 822 1205 Clementem
844 1143 916 1204 Vlll
934 1146 1031 1207 editis.
1047 1146 1136 1206 Posse
1157 1145 1203 1207 le·

261 1233 374 1304 gaium,
388 1225 595 1286 nbi-Summus
609 1225 745 1288 Pontifex
761 1227 838 1286 hanc
858 1227 887 1288 ei
910 1227 1082 1288 laenitatem
1097 1228 1199 1301 tribuit,

260 1308 351 1370 etiam
368 1308 515 1387 plenarias
530 1307 732 1385 indulgentias
753 1309 928 1380 concedere,
946 1311 1054 1370 docent
1067 1309 1199 1388 Theologi

259 1393 383 1468 passim.
396 1391 482 1463 Quod
506 1409 578 1450 vero
600 1394 717 1452 ceteros
739 1391 902 1468 Episcopus
923 1397 1049 1468 spectat,
1063 1399 1200 1469 tempora-

260 1473 304 1533 les
326 1477 461 1541 tantum,
486 1477 517 1532 et
537 1491 595 1532 non
618 1471 698 1532 ultra
721 1473 917 1551 qnadraginta
938 1474 1014 1542 dies,
1039 1475 1126 1551 idque
1146 1491 1199 1534 cer·

259 1555 297 1615 tis
319 1555 348 1612 in
370 1555 513 1625 casibus,
537 1553 735 1630 indulgentias
757 1556 944 1624 concedunt,
968 1573 1006 1615 cx
1027 1557 1199 1634 praescripto

213 1640 218 1646 ’
257 1631 390 1711 Capitis,
416 1635 494 1698 Cum
509 1655 548 1698 eac
561 1654 604 1705 eo,
629 1645 739 1704 notro,
764 1638 807 1696 Do
825 1639 1033 1717 poenitentiis,
1058 1649 1087 1697 et
1101 1635 1199 1698 Remis·

256 1716 406 1785 nonanus„
429 1719 509 1794 qnod
537 1737 573 1778 ex
601 1715 733 1779 Concilio
755 1716 798 1777 lv
820 1720 1012 1781 lateranensi
1040 1720 1096 1780 sub
1122 1719 1199 1780 Iuno

257 1799 354 1861 centio
375 1794 419 1858 lll
439 1805 593 1876 sumptum
613 1806 669 1861 est.
937 1818 940 1824 ·
1072 1797 1095 1844 θ
1260 1803 1261 1826 ¹
