2567 4042
460 228 685 301 wirlllfflo

91 358 216 428 Sancti,
240 357 277 417 dc
299 374 357 433 qua
379 358 407 415 in
430 354 551 417 Gallicis
573 357 700 435 Synodis
724 361 794 416 tunc
817 362 917 419 actum
935 366 991 421 est.
1016 360 1050 421 ln

91 442 172 500 banc
193 441 372 499 sententiam
399 438 552 499 descendit
578 439 611 498 P.
637 438 778 499 Pithoeus
803 438 891 501 Libro
914 442 951 503 de
973 441 1049 503 Pro·

91 523 219 583 cessione
237 518 371 601 Spiritui
385 520 503 590 Sancti,
528 526 558 581 et
580 524 609 583 in
626 540 693 582 eam
717 540 748 581 se
773 522 959 599 propendere
982 544 1051 602 pro-

90 604 197 665 fitetur
218 602 343 662 Vossius
365 603 394 661 in
410 599 627 663 Wsrertolionr
644 602 680 662 dc
697 605 790 663 tritus
805 603 962 682 Symbolr'a.
981 607 1052 681 Quo

91 692 232 763 tempore
256 683 315 745 boc
338 682 514 763 Symbolum
537 684 675 745 Romano
697 685 802 745 Officio
827 688 972 765 insertum
988 690 1051 749 lue·

90 770 155 838 rit,
179 767 370 843 exploratum
395 784 451 824 non
474 766 633 828 habemus.
659 768 830 827 Amalarius
852 774 973 843 tamen,
999 770 1050 847 qui

89 850 129 909 de
152 850 209 909 bac
232 866 264 907 re
286 849 368 924 agit,
403 853 530 908 testatur
557 868 610 910 sua
634 856 733 911 aetate
761 850 918 911 recitatum
942 852 1045 913 luisse.

90 932 127 991 ln
149 930 264 1006 Regula
287 946 361 989 vero
383 928 414 987 S.
432 930 584 991 Benedicti
609 931 690 991 nulla
713 930 778 1009 cJus
800 928 834 991 frt
851 934 973 1005 mentio,
1000 951 1051 995 nc-

90 1031 153 1091 que
176 1014 268 1071 ortam
293 1012 321 1071 in
345 1028 423 1071 novo
444 1012 600 1073 Breviario
623 1010 819 1074 cluniacensi.

404 1138 408 1145 ’
434 1127 563 1235 carun
583 1174 703 1235 xvru.

405 1353 447 1396 DE
469 1354 731 1399 HARTYROLOGIO·

132 1498 159 1558 l.
184 1499 431 1578 blartyrologlum
464 1507 514 1561 est
542 1500 701 1580 Catalogus
733 1500 921 1562 Sanctorum.
957 1502 1049 1564 Plura

90 1600 184 1663 porro
210 1582 332 1641 collecta
362 1589 431 1642 sunt
454 1582 632 1643 Sanctorum
656 1584 882 1662 Martyrologia.
912 1582 1048 1645 Primum

91 1662 166 1722 illud
189 1667 245 1732 est,
270 1662 348 1739 quod
372 1666 542 1739 appellatur
557 1668 705 1727 vetustius
722 1665 972 1743 Martyrologium
989 1668 1049 1727 Ec·

90 1746 200 1805 clesiae
215 1743 427 1810 Occidentalis,
451 1746 591 1823 quodque
606 1768 623 1807 a
637 1746 826 1814 Cassiodoro‚
851 1746 942 1817 Beda,
961 1748 1048 1810 Wal-

89 1826 188 1895 trino,
211 1826 367 1892 Nollem,
391 1827 517 1905 aliisque
539 1831 736 1905 scriptoribus
761 1828 835 1888 lliro
858 1826 1049 1909 Hieronymo

90 1908 244 1969 tribuitur.
270 1907 459 1969 Venerabilis
481 1910 572 1979 Beda,
596 1912 647 1986 qui
672 1915 807 1970 mortuus
828 1916 873 1969 est
894 1928 970 1970 anno
985 1911 1056 1983 735*

90 1988 338 2069 Martyrologlum
362 1990 465 2051 ecidit.
494 1990 626 2054 Labente
651 1993 771 2055 saeculo
798 2010 876 2052 nono
906 1990 1046 2054 Rabanus

90 2072 344 2149 Arebiepiscopus
366 2072 571 2150 Mogentinus,
594 2072 829 2137 Waudelbertus
846 2072 994 2136 Diacouus
1017 2081 1048 2135 et

89 2152 257 2216 Monachus
279 2154 463 2216 Prumiensis
496 2157 525 2214 in
548 2155 684 2216 Dioecesi
707 2156 901 2227 Trevirensi,
926 2163 957 2218 el
979 2157 1045 2216 Ado

89 2234 280 2307 Viennensis,
304 2255 357 2297 scu
381 2238 481 2314 polius
504 2243 538 2298 ut
560 2239 609 2298 alii
631 2238 771 2309 malunt,
794 2238 983 2299 Trevitensis
1007 2236 1045 2295 Ε-

91 2320 242 2396 piscopus‚
267 2319 481 2398 Martyrologia
503 2320 606 2381 itidem
629 2327 876 2397 composuerunt.
895 2320 1046 2399 lllartyro·

90 2401 204 2479 logium
226 2399 339 2459 Rabaui
361 2402 476 2462 editum
499 2407 544 2462 est
564 2422 582 2463 a
603 2402 720 2463 Canisio
743 2401 828 2461 Tom.
852 2401 871 2461 6
893 2399 1044 2479 Antiquu-

91 2500 161 2542 rum
175 2480 368 2552 lectionum,
392 2482 465 2544 illud
488 2488 588 2544 aulem
606 2483 816 2546 Waudelbertl
840 2486 985 2544 inscrtum
1002 2489 1049 2543 cst

91 2564 177 2625 Tom.
202 2562 223 2622 6
244 2564 401 2643 Spicr'lepa'i
422 2563 522 2625 lucae
545 2565 697 2627 Dacberii.
723 2562 844 2628 Praeter
867 2566 941 2628 baec
968 2563 1048 2625 aliud

91 2654 137 2706 est
157 2647 414 2724 Martyrologium'
430 2646 540 2722 publici
560 2648 639 2727 J'uris
661 2648 775 2708 lactum
806 2666 883 2709 anuo
907 2645 987 2707 1673
1009 2648 1064 2717 ab!

91 2725 255 2787 Heribcrto
278 2725 460 2807 ltosweydo.
481 2726 635 2789 Usuardus
649 2728 816 2789 Monachus
831 2730 862 2791 S.
879 2728 1045 2797 Benedicti,

92 2814 123 2886 et
144 2810 271 2888 scriptor
292 2811 402 2870 saeculi
427 2808 473 2870 lX
495 2816 527 2870 ct
547 2808 579 2869 X
596 2810 846 2887 praecedentibus
866 2809 1046 2889 Martyrolo-

93 2890 148 2970 giis
169 2890 418 2968 Martyrologlum
444 2894 613 2967 composuit
634 2892 714 2969 quod
737 2890 843 2953 Carolo
858 2891 948 2953 Calvo
970 2892 1049 2951 dica·

90 2973 146 3031 rit.
171 2970 247 3033 item
270 2974 377 3049 elapsis
400 2974 520 3034 circiter
544 2976 647 3052 viginti
671 2976 756 3035 annis
770 2976 807 3034 ab
822 2976 954 3036 editione
969 2973 1047 3033 blar-

92 3053 232 3133 tyrologii
248 3050 388 3125 Usuardi,
401 3056 510 3116 Beatus
524 3054 676 3117 Notkerus
692 3056 772 3117 aliud
788 3058 882 3119 edidit
897 3055 1049 3134 Martyro-

93 3136 216 3214 logium,
234 3136 420 3213 publicatum
444 3156 565 3214 quoquc
587 3158 604 3197 a
620 3138 739 3200 Canisio
762 3136 847 3201 Tom.
865 3135 1050 3216 liAutr'pun-

93 3236 161 3279 rum
185 3218 370 3289 tectionem,
387 3220 439 3281 sed
462 3220 534 3282 illud
556 3218 685 3281 Usuardi
708 3223 875 3299 praelatum
899 3227 965 3280 est:
990 3218 1050 3297 legi

93 3302 201 3362 etenim
225 3301 324 3377 coepit
345 3305 376 3361 et
391 3302 511 3363 recitari
528 3302 555 3361 in
570 3300 765 3365 Mouastcriis
785 3302 1050 3364 Benedictinorum

94 3383 123 3440 in
142 3379 242 3444 Cboro
264 3383 300 3441 ad
325 3380 463 3445 Primum
484 3391 554 3444 ante
576 3384 777 3452 versiculum,
805 3382 959 3452 Pretiosa,
984 3387 1050 3443 tum

94 3462 132 3521 ab
154 3464 223 3540 ipsis
245 3464 454 3526 Bencdecliuis
482 3465 570 3526 lectio
592 3466 660 3544 ejus
690 3468 727 3527 ad
749 3484 853 3529 ornnes
882 3466 946 3527 lere
975 3466 1049 3524 alias

96 3546 242 3606 Ecclesiae
264 3553 427 3625 propagata
448 3552 517 3617 est,
541 3546 632 3607 ctiam
655 3546 692 3607 ad
713 3547 889 3618 Romanae,
923 3552 1050 3622 excepta

96 3633 193 3689 lamen
215 3626 362 3691 Vaticana
384 3629 522 3700 Basilica,
546 3646 624 3705 quae
638 3647 726 3691 suum
743 3632 893 3709 quoddam
917 3627 1050 3689 habebat

519 3731 521 3734 ·
868 3725 902 3753 U·
