2567 4042
465 197 689 271 witw-

95 323 221 404 Templi
233 326 396 404 spiritnalis
418 344 472 403 per
486 327 699 403 poenitentiam
716 326 927 405 respondeant.
943 326 992 389 Fit
1005 346 1060 391 au·

92 415 164 468 mm
185 408 390 469 reconciliatio
410 406 584 482 Ecclesiae,
609 414 645 470 ut
665 414 748 470 notat
769 406 931 471 Darandus
952 409 1019 469 Lib.
1044 410 1058 470 l

99 489 280 563 Rationalis,
298 487 376 566 ¹Cap.
400 488 444 551 Vl
465 486 558 549 Num.
577 488 753 553 xxxxlv
775 491 812 552 ad
833 492 1007 570 exemplum
1029 498 1060 553 et

95 574 266 641 mucram,
282 574 317 632 ut
330 571 471 633 videlicet
484 571 620 634 ridentes
635 572 814 641 Ecclesiam,
832 591 910 650 quae
932 574 962 633 in
978 572 1060 633 nullo

100 653 252 729 peccavit,
276 658 400 731 propter
422 657 581 730 peccatum
604 656 731 719 alterius
755 655 850 717 lavari
872 662 902 715 et
924 651 1059 732 purifica·

96 735 139 801 ri,
163 735 339 795 existiment
359 742 507 811 quantum
528 742 652 813 propter
673 755 799 799 sucrum
814 734 993 797 delictorum
1008 752 1060 795 ex-

98 817 271 892 piationem
295 818 335 877 sit
356 816 566 877 laborandum.
589 818 684 879 Porro
707 838 761 897 par
783 818 1057 881 reconciliationem

96 895 311 959 Ecclesiarum
332 897 456 976 figurari
478 900 754 961 reconciliationem
779 900 957 977 peccatoris,
981 898 1061 977 jam-

97 979 224 1054 pridem
243 981 439 1043 adverterunt
460 977 628 1059 Theologi‚
651 987 685 1043 ut
706 987 790 1043 notat
810 982 952 1057 antiquus
975 980 1060 1043 Glos—

100 1062 286 1203 ecgraphtpp¹
297 1062 335 1121 ad
356 1058 453 1140 Caput
474 1064 613 1133 unicum,
638 1063 683 1123 Dc
709 1062 938 1125 consecratione
960 1059 1061 1125 Eccle-

96 1160 167 1203 asoc
189 1161 220 1202 ιιι
290 1188 298 1204 .

143 1223 191 1286 ll..
211 1227 277 1291 tam
300 1242 359 1285 aon
374 1229 498 1303 propter
518 1242 608 1287 omne
624 1226 738 1286 crimen
754 1222 888 1287 Ecclesia
903 1224 1060 1305 polluitur,

96 1305 156 1366 aed
177 1312 302 1383 propter
329 1306 479 1384 quaedam
501 1326 520 1367 a
543 1308 637 1369 sacris
658 1305 848 1376 eanonicus.
876 1312 907 1367 et
929 1308 966 1367 ab
987 1307 1063 1369 auti·

101 1405 164 1463 qna
186 1384 342 1451 Ecclesiae
363 1388 580 1450 consuetudine
602 1394 715 1449 nomm.
740 1389 889 1451 Polluitur
910 1406 982 1449 raro
1005 1384 1063 1449 Ec-

97 1469 195 1538 clesia
226 1472 326 1547 primo
346 1469 495 1548 injuriosa
527 1471 682 1546 sanguinis
704 1472 831 1533 humani
864 1468 1009 1532 allusione
1032 1470 1062 1530 iu

91 1557 140 1613 ‘ea
160 1549 254 1611 iacta.
277 1550 363 1625 Quae
383 1549 536 1627 sanguinis
559 1552 669 1614 allusio
703 1553 795 1615 debet
827 1568 893 1613 esse
916 1551 1062 1631 injuriosa

98 1638 136 1695 et
155 1634 337 1695 voluntaria.
362 1631 446 1694 Unde
468 1632 575 1695 allusio
598 1635 751 1713 sanguinis
783 1651 838 1711 per
858 1632 962 1713 jocum
984 1633 1064 1693 acei-

102 1714 191 1783 dens,
208 1716 302 1776 ctiam
324 1715 333 1773 i
408 1732 484 1793 agna
500 1717 681 1790 quantitate,
698 1734 757 1779 non
780 1714 873 1777 violat
885 1713 1063 1779 Ecclesiam,

28 1854 36 1865 ,
100 1797 147 1857 uti
163 1796 276 1858 docent
290 1795 350 1857 Sua
386 1816 416 1867 a,
434 1794 479 1856 De
498 1792 704 1859 Socromcatia
719 1798 804 1876 Diap.
824 1797 865 1859 81
887 1807 1001 1877 quaeat.
1019 1794 1064 1856 85

98 1878 195 1939 coctio
216 1876 238 1939 4
260 1876 279 1941 E
299 1877 353 1949 23.
366 1883 398 1939 et
419 1876 594 1947 (israeles,
617 1882 649 1939 iu
671 1878 745 1956 Cap.
774 1878 961 1941 coemeteria
984 1896 1061 1945 caro,

101 1955 198 2018 Num.
225 1959 247 2019 6
267 1958 312 2019 Dc
335 1960 563 2024 consecratione
584 1959 747 2021 Ecclesiae.
772 1959 947 2037 Requiritur
973 1977 1061 2037 prae·

98 2044 209 2110 mma,
233 2046 267 2105 ui
289 2040 396 2102 effusio
417 2043 593 2118 sanguinis,
617 2048 672 2103 aut
693 2042 894 2103 homicidium
916 2047 1060 2117 sequatur

100 2123 183 2182 intra
205 2122 397 2189 Ecclesiam,
431 2122 480 2183 vel
507 2124 538 2184 in
561 2123 625 2185 loco
648 2126 699 2201 qui
729 2124 767 2183 sit
798 2122 937 2202 ejusdem
961 2118 1060 2183 Eccle-

70 2246 74 2253 ·
99 2204 164 2266 siae
177 2222 253 2281 pars
278 2204 453 2280 integralis,
481 2204 518 2264 de
542 2223 601 2282 qua
623 2206 767 2283 ra'plura
790 2206 943 2267 habentur
959 2220 1061 2265 exem·

98 2286 153 2362 pla
182 2285 262 2363 apud
290 2286 398 2347 Pacem
427 2284 593 2347 lordonum
616 2285 676 2347 Tit.
702 2286 741 2346 12
768 2305 796 2347 a.
827 2307 858 2347 n.
881 2284 922 2345 73
948 2284 996 2346 ad.
1021 2282 1061 2344 90

98 2368 183 2444 apud
206 2364 367 2444 Ugolinunr
387 2363 460 2446 Cap.
485 2365 527 2426 29
550 2374 569 2440 p
591 2368 623 2427 s.
647 2368 708 2428 Nec
730 2369 852 2430 lacessit
872 2367 954 2445 quod
975 2372 1061 2428 extra

101 2448 273 2514 Ecclesiam
294 2448 470 2511 vulneratus
502 2449 538 2510 ad
561 2449 645 2511 illam
667 2449 846 2528 coniugiat‚
869 2450 971 2525 ibique
993 2466 1062 2509 san·

97 2532 227 2606 guinem
250 2529 396 2600 effundat,
419 2533 468 2591 rel
491 2532 583 2592 etiam
606 2533 777 2593 moriatur:
802 2532 872 2608 quia
895 2530 959 2591 talis
980 2530 1059 2622 aptio

101 2630 161 2672 non
184 2616 326 2674 censetur
340 2611 487 2690 injuriosa
510 2621 650 2690 respectu
665 2610 831 2675 Ecclesiae.
848 2612 983 2690 Longum
1001 2614 1061 2689 pla·

101 2710 140 2753 ne
169 2712 208 2755 ac
240 2692 422 2754 laboriosum
444 2699 525 2755 esset
545 2696 646 2756 varias
678 2694 727 2755 hic
750 2696 937 2772 quaestiones
958 2694 1062 2757 discn-

97 2779 195 2846 tere,
218 2775 355 2851 quaeda
378 2774 436 2835 hac
459 2791 492 2835 re
518 2794 537 2836 a
558 2774 720 2854 Theologis
752 2794 787 2837 ac
815 2774 954 2837 Canonici
977 2774 1059 2837 luris

100 2855 253 2921 Consultis
274 2858 379 2918 atlerri
393 2858 502 2917 solent.
525 2857 612 2919 Alius
634 2858 741 2919 modus
770 2876 832 2935 quo
846 2857 981 2919 Ecclesia
997 2855 1060 2933 pol·
1118 2855 1122 2862 ’

102 2937 227 3007 luitur,
251 2937 376 3001 humani
397 2938 521 2999 seminis
541 2940 686 3002 effusione
709 2940 864 3015 contingit.
888 2936 999 2999 Extant
1020 2955 1056 2997 ea

99 3018 140 3081 de
161 3039 196 3083 re
218 3022 294 3079 uarii
316 3019 462 3087 Canaces,
479 3038 514 3080 ac
535 3020 739 3083 lllanlmorum
755 3018 932 3081 Pontificum
948 3016 1060 3081 Decre·
1115 3085 1118 3090 ,

98 3101 178 3163 tales
198 3100 353 3178 Epistulae
370 3116 387 3171 ‚⁶
401 3101 498 3177 qualis
525 3108 572 3163 est
592 3102 643 3163 illa
666 3102 830 3163 Alexandri
851 3098 894 3161 lll
928 3100 959 3160 in
979 3100 1053 3179 Cap.

104 3182 302 3265 Sicelicon&
316 3189 349 3244 et
369 3181 419 3242 illa
433 3181 572 3259 Gregorii
587 3180 634 3243 IX
657 3184 686 3243 in
707 3182 781 3262 Cap.
795 3181 901 3245 ultimo
916 3180 961 3243 Da
980 3180 1060 3245 Con·

101 3268 268 3327 samonem
290 3261 448 3325 Ecclesiae.
462 3262 748 3349 Rursus2polluitur
770 3264 907 3326 Ecclesia
929 3263 1059 3344 ejusque

100 3342 339 3417 Cocmeterium,
357 3346 382 3406 si
404 3346 434 3405 in
455 3345 527 3423 ipsis
541 3346 837 3415 excommunicatus,
854 3346 906 3410 rel
918 3346 1059 3423 publicus

100 3426 214 3491 Clerici
237 3444 423 3507 percussor,
447 3424 610 3493 infidelis,
641 3427 849 3489 haereticusve
877 3424 1057 3503 sepeliatur.

105 3508 254 3574 Polluituc
272 3511 369 3571 eliam
390 3506 527 3571 Ecclesia
548 3510 635 3589 juxta
657 3509 785 3585 aliquos,
802 3508 828 3568 si
844 3507 889 3579 ab
910 3506 1058 3587 Episcopo

13 3619 14 3622 ¹
102 3592 388 3668 excommunicato,
414 3591 568 3654 haeretico
583 3633 593 3660 ‚
610 3590 666 3665 ,rel
682 3588 881 3665 ,schismatico
902 3605 1057 3663 consecta-
