2567 4042
469 180 529 242 enm
549 169 611 232 281
633 179 694 240 &a

106 304 142 364 ad
157 275 400 383 primosattinet,
417 302 495 364 duae
517 300 653 378 ipsorum
674 305 808 364 muneris
831 291 931 380 parles
945 310 1050 365 erant:

105 387 204 448 Primo
233 384 390 446 infantium
415 385 543 444 nomine·
564 383 600 444 ad
630 401 733 446 omnes
755 386 1003 463 interrogationes
1025 388 1056 447 in

105 469 258 546 Baptismo
274 467 505 545 respondebant.
522 465 623 529 lnunit
644 467 673 526 id
688 464 821 544 Cyrillus
836 465 1056 532 Alexandrinus

105 552 136 611 iu
161 550 234 630 Cap.
259 548 321 610 xil
342 547 498 609 Ioannis:
524 547 601 610 Cum
621 558 712 607 notus
733 550 836 627 insons
858 550 1052 626 baptizetur,

106 642 258 712 susceptor
275 649 333 708 pro
356 651 386 691 cn
408 649 495 690 omen
510 628 594 696 dicit.
612 629 748 691 Secundo
778 631 963 709 Sponsorum
986 653 1055 711 pro-

104 715 206 794 prium
228 719 310 779 erat,
329 718 362 774 ut
384 730 501 786 eorum,
515 729 603 788 ¹(tuos
621 713 651 770 in
667 711 819 790 Baptismo
842 720 1049 791 susceperant,
1117 749 1124 762 ·

105 813 206 857 mores
229 796 418 872 inspicerent,
442 812 493 854 eos
515 794 551 854 ad
565 791 753 856 Christianae
774 793 936 873 Religionis
957 797 1058 860 officia*

66 875 68 880 ’
105 877 325 949 informarent,
349 882 382 938 et
401 876 438 936 ad
461 893 592 952 eaquae
615 875 645 934 in
667 875 787 938 loedere
809 895 879 937 cum
893 877 960 949 Deo
981 880 1053 941 inito

100 959 316 1055 promiserunt,
340 959 488 1037 implenda
502 959 688 1026 excitarent.
706 959 856 1021 Omnibus
877 960 1054 1022 indiscrimi-

105 1042 199 1104 natim
221 1041 344 1109 adultis,
357 1060 427 1102 cum
443 1042 479 1100 ad
496 1041 685 1119 baptismum
700 1042 944 1111 admittebantur,
960 1042 1054 1122 Spon-

105 1142 190 1186 sores
211 1123 376 1204 adjunctos¹
395 1141 516 1201 semper
542 1123 572 1186 in
594 1121 729 1183 Ecclesia
756 1125 848 1185 luisse
875 1131 1052 1186 constater
1078 1143 1082 1150 ·

105 1213 241 1268 velerum
263 1207 407 1267 constanti
428 1206 607 1268 testimonio.
621 1203 756 1266 Tradunt
776 1206 808 1265 id
828 1205 912 1265 enim
933 1205 1052 1269 Consti-

105 1289 234 1350 tutiones
256 1289 453 1365 Apostolicae,
471 1288 583 1349 Auctor
604 1285 829 1347 Ecclesiasticus
844 1284 1050 1359 Ilierorcbinc,

103 1369 288 1448 Augustinus
310 1370 429 1447 aliique.
447 1368 604 1448 Ejusmodi
626 1374 729 1431 autem
750 1369 914 1448 Sponsores
935 1386 995 1431 non
1014 1388 1053 1433 ea

104 1454 219 1514 ratione
241 1451 469 1522 adhibebantur,
487 1456 521 1512 ut
542 1468 596 1528 pro
612 1451 795 1527 baptizandis
818 1451 1049 1528 responderent:

104 1534 155 1594 sed
178 1535 311 1608 ipsorum
333 1551 425 1594 curae
447 1533 652 1594 concreditum
668 1537 745 1600 erat,
763 1537 797 1594 ut
812 1537 876 1594 tum
890 1537 973 1602 ante,
989 1541 1057 1596 tum

103 1619 170 1693 post
190 1615 376 1692 Baptismum
392 1633 443 1676 eos
457 1633 532 1693 quos
546 1615 720 1685 offerebant,
737 1614 937 1686 instituerent,
954 1621 985 1677 et
998 1617 1053 1678 bo·

105 1697 151 1756 uis
173 1697 305 1760 moribus
328 1699 537 1759 informarent.
557 1695 644 1757 Hauc
658 1715 750 1775 porro
775 1697 965 1772 sponsionem
990 1699 1059 1775 ple:

105 1796 234 1856 rumque
255 1778 378 1843 Diaconi
400 1799 456 1858 pro
477 1779 561 1850 viris,
575 1780 767 1841 Diaconissae
788 1779 836 1840 vel
858 1777 969 1840 Sacrae
983 1779 1059 1842 Vir·⁴

104 1860 188 1938 pines
210 1879 264 1940 pro
286 1858 462 1923 mulieribus
482 1861 633 1922 subibant.
652 1859 696 1922 De
719 1860 903 1937 sponsorum
926 1880 1051 1925 numero

102 1959 164 2003 nou
178 1943 256 2005 idem
279 1963 399 2022 semper
413 1945 605 2006 observatum
621 1942 835 2020 comperimus.
857 1940 973 2004 Eorum
987 1945 1052 2023 qui-

102 2023 171 2086 dem
187 2026 340 2104 pluralitas
356 2029 482 2088 exclusa
503 2026 624 2086 videtur
644 2043 665 2084 a
683 2022 949 2086 constitutionibus
970 2027 1062 2105 Apo,

102 2106 225 2178 stolicis,
252 2127 319 2168 cum
342 2111 443 2170 virum
466 2105 646 2173 aDiaoono,
662 2107 824 2168 mulierem
844 2105 1050 2169 abincnnissa

103 2190 214 2268 suscipi
228 2189 363 2270 jubeant.
379 2189 418 2253 Et
434 2191 462 2250 in
478 2189 611 2252 Concilio
623 2188 748 2251 Mettensi
763 2205 833 2248 ann.
849 2186 911 2248 888
926 2207 992 2249 can.
1009 2189 1051 2251 Ν
1122 2222 1129 2238 ·

53 2335 56 2342 ,
102 2267 256 2348 Infantem
277 2291 468 2351 nequaqnam
483 2271 552 2336 duo,
570 2274 613 2332 ool
629 2272 745 2349 plocen
762 2269 813 2331 ssd
833 2289 912 2331 onus
933 2290 954 2331 c
967 2272 1056 2350 fonte·

102 2349 297 2432 Baptismntis
318 2355 469 2433 suscipiat.
495 2355 606 2414 Verum
635 2352 757 2414 saeculo
778 2351 837 2413 Xll
864 2358 897 2413 et
921 2369 1051 2432 sequen·
1125 2407 1131 2433 ῃ,

103 2433 184 2495 tibus
207 2435 339 2513 plurium
355 2435 538 2512 Sponsorum
560 2436 806 2496 consuetudinem
821 2436 967 2496 invectam
983 2453 1050 2498 esse

102 2522 231 2578 constat.
247 2519 280 2579 In
293 2515 432 2579 Consiliis
453 2516 540 2577 euim·
559 2515 742 2578 Eboracensi
763 2522 795 2576 et
808 2516 975 2578 Coloniensi
996 2525 1052 2580 sta·

102 2600 201 2658 tutum
225 2599 377 2679 legimns,
401 2605 435 2659 ut
456 2615 586 2677 puerum
615 2600 675 2659 duo
696 2599 753 2659 tiri
780 2603 812 2659 et
832 2617 892 2659 una
914 2600 1046 2676 mulier,

102 2679 234 2755 puellam
257 2699 331 2742 vero
355 2683 433 2742 duae
454 2682 598 2742 mulieres
625 2688 657 2741 et
678 2698 753 2742 unus
774 2681 821 2739 vir
848 2681 877 2741 in
899 2681 1051 2758 Baptismo
1105 2748 1108 2752 ,

102 2761 276 2839 suscipiant:
293 2780 384 2839 quem
407 2779 476 2822 sane
492 2781 610 2824 morem
625 2767 796 2824 constanter
810 2769 962 2827 servatum
978 2763 1051 2826 luis·

103 2859 135 2903 se
157 2845 276 2906 saeculo
292 2845 352 2906 XV
374 2847 406 2905 el
427 2843 521 2912 XVI,
545 2844 745 2922 quarumdam
766 2842 881 2906 Galliae
902 2843 1051 2907 Ecclesia·

101 2941 171 2985 rum
186 2926 403 3003 baptizatorum
425 2926 566 3004 catalogis
581 2926 693 3003 colligit
713 2926 851 2988 eruditus
865 2927 1051 2990 Chardonius

73 3077 77 3084 ,
101 3006 131 3064 in
154 3025 246 3086 opere
268 3012 317 3070 cui
341 3010 456 3072 titulus:
479 3007 614 3070 Histoire
635 3006 685 3068 des
708 3007 894 3070 sacrament.
911 3007 978 3070 Jans
998 3027 1062 3072 νο-Ι

101 3087 309 3168 responsuris
329 3094 409 3152 vices
431 3109 520 3169 agere
542 3090 755 3152 nonomnibus
770 3089 840 3150 olim
855 3093 1063 3170 permissum

101 3166 318 3236 Cathecumoni
340 3174 430 3244 enim,
454 3173 661 3252 energumeni,
679 3173 823 3234 haeretici
845 3177 876 3234 et
897 3174 1062 3252 poeniten--¹

101 3256 147 3314 tos
169 3255 416 3332 prohibebanmr,
440 3256 513 3333 quin
535 3257 608 3318 alios
621 3256 661 3314 'in
683 3254 836 3334 Baptismo
850 3254 1063 3333 susciperent.³

102 3329 296 3478 Scupioribus
326 3335 473 3400 aetatibus
502 3337 603 3415 plures
632 3337 682 3396 alii
708 3355 726 3398 a
748 3336 932 3416 Sponsorutb
953 3336 1059 3398 oliioio'

101 3420 225 3479 excusi.
