2567 4042
470 188 696 262 «occidte

91 315 311 380 Ecclesiasticie
331 315 440 401 Officiis
450 319 522 397 Cap.
532 319 572 380 20
584 319 662 396 quod
673 323 745 380 lunc
758 316 902 396 temporis
917 317 1047 394 celebra·

92 407 195 462 retur.
213 399 279 462 Hoc
310 403 457 462 vocabulo
479 409 510 464 et
532 404 653 463 nomine
675 401 746 460 nibil
762 399 949 476 frequentius
970 399 1047 478 apud

91 492 250 553 auctores,
267 489 301 545 ut
322 501 428 544 eorum
452 485 621 554 testimonia
636 483 771 559 prolerre
787 499 907 542 necesse
923 484 1044 546 nonsit.

91 563 236 625 &cundo
248 583 264 624 a
277 565 308 626 S.
319 565 479 625 Ambrosio
491 565 579 626 Libl
596 565 630 625 de
645 564 816 642 Virqinibne
826 569 950 624 vocatur
961 561 1048 639 Horo

90 647 223 717 incensi,
238 647 317 710 haud
340 647 465 708 dubium
488 649 567 724 quod
591 649 619 706 in
642 647 736 706 veteri
759 645 838 720 Lege
859 652 994 705 aromata
1016 652 1047 708 et

92 727 189 788 thura
205 727 353 790 additare
370 729 481 790 adoleri
492 747 617 808 vespere
630 745 695 788 mos
709 726 891 788 eratTertio
902 727 1046 788 Duodeci-

89 829 155 878 ma,
175 828 212 871 eo
234 811 311 887 quod
335 812 409 871 hore
433 812 490 873 diei
506 811 681 873 duodecima
694 811 916 892 decantaretur:
926 806 1043 880 Primo,

89 893 195 967 inquit
217 893 368 970 Magister,
385 896 426 953 sic
441 892 522 954 debet
537 893 600 954 dici
611 892 754 971 quomodo
770 889 954 956 duodecimo,
971 910 1045 969 quoe

88 971 210 1032 dicitnr
237 975 372 1051 Vespere.
389 975 502 1048 Quarto
524 973 835 1048 Lucerncrinrn,quo,
850 974 967 1034 nomine
989 972 1046 1034 ire·
1094 983 1096 987 ’

88 1063 225 1131 quenter
247 1057 324 1131 apud
343 1059 486 1133 antiquos
500 1065 637 1119 auctores
653 1057 732 1116 bunc
754 1055 845 1114 divini
859 1054 955 1114 Oilicii
977 1073 1044 1116 cur·

87 1154 160 1196 sum
178 1139 360 1214 appellatum
376 1141 521 1210 occurrit;
536 1141 607 1217 quia
630 1139 660 1196 in
682 1156 717 1198 eo
734 1138 874 1198 lucernae
896 1137 926 1194 in
941 1138 1045 1198 Eccle-

87 1219 133 1278 sia
158 1220 412 1290 accendebantur,
436 1226 598 1284 etreleres
621 1221 692 1280 olim
715 1221 789 1280 bora
806 1219 975 1294 vespertina
998 1221 1044 1280 tu-

86 1317 202 1362 cernas
224 1301 446 1370 accendebant,
470 1311 504 1364 ut
526 1303 590 1364 lure
611 1320 648 1362 ac
669 1301 755 1362 docte
776 1301 959 1382 demonstrat
979 1299 1044 1362 lle·

87 1383 218 1442 nardus.
241 1382 346 1460 Neque
359 1389 460 1446 tamen
475 1384 680 1448 contundenda
695 1390 741 1443 est
752 1380 885 1458 Vespera
901 1399 970 1442 cum
982 1383 1043 1442 Lu-

86 1465 255 1534 comario,
288 1483 431 1528 seucum
454 1468 591 1544 precibus
613 1483 690 1542 quae
712 1464 750 1524 nd
770 1463 973 1526 accendendos
997 1465 1039 1524 lu·

86 1563 198 1606 cernas
214 1547 244 1604 in
258 1545 389 1608 Ecclesia
406 1549 580 1612 dicebantur
595 1555 664 1610 aute
680 1545 839 1623 Vesperas.
856 1564 933 1622 quas
947 1546 1039 1607 etiam

84 1625 310 1688 lucernarium
324 1630 529 1707 appellarunt3
554 1636 718 1706 utrumque
741 1630 818 1688 enim
835 1627 1037 1702 distinguitur,

86 1711 163 1770 ticet
177 1709 283 1770 eodem
307 1712 426 1772 nomine
446 1719 617 1780 vocaretur,
643 1720 677 1773 ut
693 1711 798 1788 probat
819 1710 899 1768 idem
922 1711 1040 1790 Motur-

85 1792 160 1860 dus,
184 1798 216 1850 et
230 1798 310 1866 natet
330 1810 368 1852 ex
382 1793 494 1870 Regula
516 1812 593 1870 quae
615 1794 671 1854 sub
693 1795 812 1852 nomine
833 1791 864 1852 S.
882 1789 1044 1867 Augustini

86 1874 171 1933 inter
190 1870 257 1948 ejus
275 1889 369 1946 onera
390 1877 510 1952 vulgate
532 1877 628 1936 estin
651 1876 834 1952 Aqrpendice.
858 1873 980 1934 Constat
1001 1892 1039 1934 ex

85 1951 357 2018 Constitutionibus
373 1955 561 2034 Apostolicis,
584 1975 621 2017 ex
643 1957 674 2017 S.
692 1956 808 2022 Basilio,
835 1955 898 2014 Lib.
916 1955 952 2014 ad
968 1952 1043 2014 Am-

85 2037 297 2114 philochium
322 2036 352 2098 S.
369 2037 480 2099 ioanne
502 2039 729 2112 chrysostomo,
753 2038 782 2096 in
799 2035 948 2096 Peelmum
968 2035 1039 2106 118;

86 2118 118 2178 S.
129 2115 330 2197 Hieronymo,
356 2119 489 2197 Epistola
503 2121 543 2180 od
556 2117 700 2189 Laecam·
721 2119 751 2180 S.
762 2117 938 2196 Epiphanio,
961 2117 1042 2194 aliis7

86 2215 151 2276 que
172 2197 328 2272 Patribus,
353 2201 536 2263 Christianos
558 2217 682 2280 vespere
703 2218 824 2271 orasse,
847 2201 1041 2274 Psalmosque

86 2282 305 2344 decantavisse.
324 2282 433 2346 Preces
447 2302 520 2346 vcro
536 2286 609 2347 istac
623 2284 809 2344 occasionem
821 2283 969 2345 dederunt
979 2282 1040 2340 ori-

16 2399 17 2404 κ
87 2364 150 2440 gini
175 2363 268 2442 hujus
283 2365 383 2424 cilicii.
407 2365 545 2427 Meminit
566 2385 686 2445 quoquc
708 2366 802 2444 hujus
823 2364 919 2425 Officii
934 2360 1041 2423 Conci·

16 2505 17 2509 ,
87 2447 163 2505 lium
180 2443 367 2512 Toletanum‚
391 2449 469 2524 quod
480 2445 701 2509 Lucernnrinrn
715 2448 855 2524 appellat.
872 2445 1037 2509 Concilium

87 2525 262 2604 Agetbense
277 2545 342 2586 can.
360 2527 399 2588 30
415 2531 545 2600 mandat,
564 2536 596 2591 ut
606 2531 738 2607 quotidie
754 2534 923 2607 peregatur.
936 2526 1041 2586 Socra·

86 2614 133 2669 les
154 2608 222 2668 Lib.
240 2606 282 2668 lli
303 2606 376 2687 Cap.
394 2610 425 2672 5.
447 2608 598 2672 Lacernae
625 2613 826 2672 accensionem
845 2610 919 2671 illud
936 2614 1035 2669 vocat.

128 2688 168 2748 ll.
194 2691 280 2752 Circa
296 2689 498 2768 Vesperarum
512 2692 651 2754 Oilloium
675 2692 816 2754 nonnulla
829 2698 915 2752 erant
936 2692 965 2750 in
981 2689 1041 2751 Ec·

86 2770 188 2831 clesiis
214 2772 412 2844 discrimina,
443 2775 697 2851 quemadmodum
725 2774 808 2835 etin
837 2772 945 2835 ceteris
967 2770 1040 2834 Offi-

85 2852 152 2912 ciis.
177 2853 279 2931 Aliqui
300 2871 351 2916 scx
372 2855 515 2916 Psalmos'
536 2861 565 2916 el
593 2875 645 2916 sex
667 2856 822 2917 Lectiones
845 2854 1032 2921 recitabant.

86 2933 138 2993 alii
159 2953 233 2995 vero
256 2934 367 3012 plures,
392 2943 444 2998 aut
466 2939 632 3012 pauciores,
657 2943 747 3014 prout
767 2938 871 2999 videre
893 2942 938 2997 est
958 2937 1040 3013 apud

86 3014 225 3077 Martene
247 3015 281 3075 de
303 3014 444 3098 Antiqnis
458 3017 675 3082 Menaenorum
696 3019 817 3080 Ritibne
838 3038 920 3082 num.
947 3017 985 3077 10
1007 3025 1039 3080 et

87 3113 173 3174 seqq.
197 3095 295 3159 Hodie
309 3101 438 3177 quinque
453 3098 560 3162 Psalmi
575 3099 659 3178 juxta
675 3100 842 3161 Romanum
856 3117 970 3160 morem
986 3100 1039 3162 de·

88 3185 258 3240 cantantur·
270 3179 410 3242 Officium
425 3181 638 3259 vespertinum
656 3184 733 3244 inter
748 3182 869 3244 diurnes
880 3182 970 3242 boras
985 3200 1040 3243 uu-

15 3254 19 3271 '
88 3262 268 3324 merendum
290 3269 346 3328 est,
370 3265 437 3340 quia
460 3266 564 3326 ultima
586 3263 825 3326 diei-artificialis
846 3264 941 3332 hora,
962 3265 1037 3324 scili·

89 3350 137 3404 cet
158 3343 310 3404 occidente
332 3344 404 3409 sole,
430 3347 548 3407 recitari
570 3345 694 3408 solebat:
716 3365 753 3406 ac
774 3345 898 3423 proinde
920 3350 1039 3424 tempus

92 3425 480 3504 canonicumtiespererum
494 3434 558 3489 erat
579 3428 654 3488 bora
669 3428 857 3496 duodecima,
881 3433 912 3488 et
925 3432 1040 3506 postre-

89 3523 139 3566 ma
155 3509 246 3568 totius
263 3507 332 3577 diei.
357 3506 409 3570 Est
424 3513 524 3570 nrrtem
540 3513 662 3572 omnino
676 3509 887 3578 adnotandum,
910 3509 1040 3572 ludaeos

88 3586 249 3680 Festourrn
273 3590 388 3650 initium
411 3589 574 3669 aVespere
595 3593 727 3665 duxisse,
751 3593 909 3673 cVespero
930 3591 970 3653 od
992 3593 1041 3652 Ve-
