2567 4042
605 165 841 250 wilti&

247 299 387 365 utrinam,
413 314 513 376 mores
533 302 565 359 et
585 299 774 382 sijsoiplinam
797 299 982 362 referuntur.
1000 302 1034 361 ln
1049 299 1196 376 aliquibus

247 378 381 440 Orientis
403 379 574 455 regionibus
600 383 637 440 ad
658 383 812 458 paroecias
840 382 1011 444 invisendas
1037 381 1152 442 stabile
1171 386 1201 441 et

248 460 341 522 fixum
363 460 496 521 uitiatum
516 462 636 523 ridetur
658 465 838 532 institutum,
861 465 972 542 quique
993 483 1029 526 eo
1052 464 1203 525 donaban-

249 550 312 614 tur‚
327 538 531 621 nanum,
547 547 739 606 circulatores
761 547 832 606 dicti
855 551 934 606 sunt.
953 546 985 607 lu
1000 545 1133 608 Concilio
1147 543 1201 606 Co-

250 624 513 704 stantinopolitano
528 625 596 686 Act.
620 625 635 686 1
658 625 781 708 Sergius
802 627 923 704 quidam
945 625 1107 708 Presbyter
1130 633 1204 687 tam-

250 725 342 785 quam
357 702 550 783 nepotesue
571 706 747 771 Monasterii
769 707 892 770 Gindari
914 710 1100 787 subscripsit.
1118 706 1204 769 Prae·

249 795 333 850 terea
355 806 426 848 cum
441 789 730 866 praeceptodirino
744 791 917 852 mundatum
934 793 974 872 sit
987 791 1126 852 omnibus
1140 791 1204 866 qrri·

231 872 308 931 ‘bus
329 873 497 931 animarum
520 887 595 931 eura
609 873 770 933 commissa
791 878 848 940 est,
867 889 933 934 ocra
949 891 1019 933 suns
1033 887 1200 950 apposuere,

250 953 295 1012 uti
318 952 451 1029 loquitur
471 949 611 1030 synodus
625 953 796 1014 Tridentino
819 955 899 1016 Sess.
916 953 957 1036 23
970 951 1045 1032 Cap.
1060 952 1075 1013 1
1093 955 1140 1014 Da
1153 950 1202 1012 Ea·

250 1035 441 1110 formatione,
466 1034 635 1096 nullatenus
665 1055 705 1098 ex
728 1041 826 1098 mente
847 1035 972 1096 Petrum
987 1036 1125 1098 'Concilii
1146 1037 1201 1103 ast,

251 1115 333 1192 quod
355 1115 497 1192 Episcopi
520 1117 609 1176 unica
630 1115 811 1179 Dioeceseos
833 1116 1000 1179 visitatione
1022 1135 1130 1178 aaron
1157 1122 1204 1176 aut

252 1197 387 1256 biennali
406 1195 580 1273 obligationi
603 1217 676 1262 suae
698 1214 820 1278 semper
842 1197 1035 1260 satisfaciant.

291 1276 331 1339 ll.
356 1276 496 1341 Edictum
520 1279 660 1359 generale
684 1282 864 1358 proponitur
892 1294 956 1358 pso¹
975 1280 1110 1359 generali
1128 1263 1205 1340 list

250 1361 363 1422 tatione
374 1378 443 1420 cum
456 1359 605 1422 electione
620 1369 653 1423 et
667 1363 870 1438 publicatione
879 1359 1109 1424 Coadiutorum.
1122 1363 1204 1422 Prae·

247 1443 429 1504 monitiones
449 1440 528 1504 liunt
548 1459 603 1519 per
618 1441 733 1504 litteras
754 1445 792 1504 ad
812 1442 974 1506 Paroalros.
990 1443 1121 1518 Quando
1137 1439 1203 1520 Epi·

251 1539 362 1599 scopus
382 1523 420 1584 ad
441 1525 607 1594 civitatem,
630 1525 680 1586 rel
703 1525 848 1604 oppidum
870 1524 1005 1595 accedit,
1029 1523 1204 1588 visitationis
1253 1555 1254 1562 κ

250 1605 441 1684 peragendae
455 1605 563 1683 gratia,
588 1606 781 1684 progreditur
803 1606 931 1668 solemni
954 1623 1078 1685 pompa,
1095 1626 1160 1677 seu,
1174 1608 1206 1664 ut
1253 1601 1254 1678 j

249 1685 344 1763 ajunt,
359 1687 630 1764 processionaliter,
641 1687 811 1766 Clerusque
833 1689 877 1748 illi
897 1693 1018 1750 tenetur
1032 1701 1201 1750 occurrere.

247 1767 468 1829 Ferat-aeuum
489 1769 619 1830 Decreta
641 1776 813 1848 postremae
832 1770 1020 1842 visitationis,
1038 1769 1203 1835 Concilium

250 1848 471 1921 Tridentium,
487 1847 660 1912 pontificale
683 1850 863 1921 Romanum,
882 1848 1009 1914 Decreta
1030 1851 1203 1914 Provinciae

116 1995 121 2002 ,
248 1931 498 2001 suae‚·lndicem
520 1931 682 1993 Librorum
702 1930 938 2001 Prohibitorum,
955 1933 1088 1996 libellos
1111 1931 1204 1996 distri·

250 2014 386 2076 buendos
412 2012 450 2075 de
478 2014 612 2075 doctrina
631 2011 828 2083 Christiana,
859 2012 1049 2078 Numismata
1077 2029 1204 2077 sacrae

251 2095 377 2191 Summo
398 2094 544 2158 Pontifice
565 2097 723 2160 benedicta
736 2112 874 2194 ‚ucereos
889 2094 993 2194 Aptara
1012 2097 1084 2170 Dei,
1110 2111 1204 2160 sacras

250 2177 1204 2339 :titlsnttttftttttttttttttttdtt

251 2341 324 2408 rios,
348 2345 380 2400 et
400 2335 666 2402 Caeremoniarum
689 2340 880 2419 Magistrum.
904 2341 1038 2418 Recepto
1059 2339 1150 2404 Clero
1170 2338 1203 2400 ad

251 2438 361 2481 manus
375 2423 521 2484 osculum.
538 2421 563 2482 si
578 2428 699 2499 tempus
714 2424 859 2499 patiatur,
872 2422 962 2484 debet
976 2421 1147 2502 Episcopus
1159 2439 1202 2483 ce·

252 2503 383 2572 labrare,
407 2505 455 2565 vel
473 2503 596 2564 Missam
619 2504 784 2575 audire,et
806 2505 836 2563 in
858 2519 893 2563 ea
908 2505 1118 2574 sermocinari,
1135 2521 1203 2582 pro

250 2583 452 2660 ponendum,
469 2601 550 2662 quae
562 2603 580 2645 a
594 2583 728 2646 Robrica
751 2588 960 2655 recensentur,
978 2587 1122 2648 nimirum
1138 2601 1201 2644 cau·

193 2730 196 2734 A
250 2683 299 2726 aas
326 2681 400 2726 suae
423 2667 608 2726 visitationis.
634 2665 665 2726 Si
688 2683 861 2727 sermonem
886 2681 940 2742 per
961 2684 995 2728 se
1022 2665 1137 2732 habere
1157 2682 1202 2726 ne·
1254 2717 1255 2738 ,

253 2753 353 2825 queat
370 2763 480 2809 curare
501 2747 602 2820 debet,
619 2754 653 2808 nt
667 2765 722 2826 per
742 2748 1061 2827 aliumadimpleatur,
1078 2767 1117 2812 eo
1131 2743 1202 2828 quod
1254 2739 1255 2810 l

251 2829 351 2890 omitti
370 2834 522 2906 nequeatt
544 2827 720 2900 (laventus,
743 2832 778 2890 in
800 2827 946 2891 Mauorte
968 2831 1200 2912 cpiscoporum

250 2911 431 2978 Geuuensiu
455 2914 489 2970 in
503 2906 647 2972 Manuale
670 2910 850 2982 Pastorum
871 2909 933 2971 Pax
955 2910 1116 2978 iordanes,
1140 2911 1199 2974 lib.
1254 2925 1255 2936 ¹

252 2993 282 3054 ll
303 2992 364 3053 Tit.
384 2989 433 3053 18.
457 2991 665 3070 indulgentiae
686 3008 807 3072 utroque
829 2993 858 3053 in
880 2990 1101 3055 Caeremoniali
1124 3009 1199 3074 prae
1254 3037 1255 3048 2

251 3076 382 3154 scriptae
404 3073 704 3152 publicandae-sunt.
864 3081 867 3090 ’
1254 3085 1255 3088 ’

249 3182 254 3188 ·
293 3155 334 3218 ll.
352 3154 441 3216 'Sacri
462 3153 600 3217 canones
620 3162 652 3217 et
674 3154 901 3216 Ecclesiasticus
922 3153 1017 3229 Ordo,
1048 3159 1093 3218 uti
1117 3155 1200 3220 habe·

252 3243 313 3298 tur‘
325 3235 535 3299 inPontifioali
550 3235 698 3308 Romano,
715 3233 924 3299 visitationem
939 3239 1127 3317 praecipiunt
1140 3251 1198 3317 pro
1254 3263 1255 3266 ¹

252 3324 322 3396 pter
336 3317 444 3381 multa.
460 3319 563 3380 Primo
576 3319 614 3381 ad
630 3318 826 3381 absolvendas
844 3319 959 3380 animas
973 3320 1195 3384 Deiunmorum.
1254 3379 1255 3384 ,

253 3400 424 3463 absolvere.
441 3401 560 3466 animas
579 3398 797 3466 Deiundorutu
820 3401 895 3466 nibil
922 3401 1002 3466 aliud
1020 3409 1093 3473 sat.
1117 3417 1196 3482 mam
1253 3403 1255 3514 p

254 3484 410 3545 orationes
424 3490 458 3543 et
477 3482 605 3559 qnaeris
626 3481 699 3544 alias
721 3499 826 3560 preces
838 3499 904 3563 *pro
924 3482 1074 3547 defunctis
1093 3484 1198 3551 diana

253 3561 492 3626 thurificationes
514 3581 658 3642 quinque,
682 3565 886 3642 aspersiones,
909 3565 1043 3644 aliasque
1064 3566 1095 3629 id
1116 3577 1196 3644 genus
