<?xml version="1.0" encoding="UTF-8"?>
<!DOCTYPE html PUBLIC "-//W3C//DTD XHTML 1.0 Transitional//EN"
    "http://www.w3.org/TR/xhtml1/DTD/xhtml1-transitional.dtd">
<html xmlns="http://www.w3.org/1999/xhtml" xml:lang="en" lang="en">
 <head>
  <title>
</title>
<meta http-equiv="Content-Type" content="text/html;charset=utf-8" />
  <meta name='ocr-system' content='tesseract 3.04.00' />
  <meta name='ocr-capabilities' content='ocr_page ocr_carea ocr_par ocr_line ocrx_word'/>
</head>
<body>
  <div class='ocr_page' id='page_1' title='image "./institutionesli01marigoog_0325.png"; bbox 0 0 2567 4042; ppageno 0'>
   <div class='ocr_carea' id='block_1_1' title="bbox 484 179 711 254">
    <p class='ocr_par' dir='ltr' id='par_1_1' title="bbox 484 179 711 254">
     <span class='ocr_line' id='line_1_1' title="bbox 484 179 711 254; baseline 0 0"><span class='ocrx_word' id='word_1_1' title='bbox 484 179 711 254; x_wconf 57' lang='lat' dir='ltr'><strong>*hi323ffl0</strong></span> 
     </span>
    </p>
   </div>
   <div class='ocr_carea' id='block_1_2' title="bbox 115 309 1088 634">
    <p class='ocr_par' dir='ltr' id='par_1_2' title="bbox 115 309 1088 634">
     <span class='ocr_line' id='line_1_2' title="bbox 115 309 1073 389; baseline 0.009 -19"><span class='ocrx_word' id='word_1_2' title='bbox 115 309 259 380; x_wconf 77' lang='lat' dir='ltr'><strong>carnote,</strong></span> <span class='ocrx_word' id='word_1_3' title='bbox 283 316 350 389; x_wconf 93' lang='lat' dir='ltr'><strong>post</strong></span> <span class='ocrx_word' id='word_1_4' title='bbox 372 309 611 372; x_wconf 77' lang='lat' dir='ltr'><strong>administratam</strong></span> <span class='ocrx_word' id='word_1_5' title='bbox 632 309 730 372; x_wconf 87' lang='lat' dir='ltr'><strong>eidem</strong></span> <span class='ocrx_word' id='word_1_6' title='bbox 745 309 1017 384; x_wconf 87' lang='lat' dir='ltr'><strong>-Commuuiouem,</strong></span> <span class='ocrx_word' id='word_1_7' title='bbox 1041 323 1073 379; x_wconf 85' lang='lat' dir='ltr'><strong>et</strong></span> 
     </span>
     <span class='ocr_line' id='line_1_3' title="bbox 120 391 1072 471; baseline 0.009 -21"><span class='ocrx_word' id='word_1_8' title='bbox 120 393 283 470; x_wconf 81' lang='lat' dir='ltr'><strong>repositam</strong></span> <span class='ocrx_word' id='word_1_9' title='bbox 304 392 335 451; x_wconf 94' lang='lat' dir='ltr'><strong>iu</strong></span> <span class='ocrx_word' id='word_1_10' title='bbox 350 391 558 454; x_wconf 87' lang='lat' dir='ltr'><strong>Tabernaculo</strong></span> <span class='ocrx_word' id='word_1_11' title='bbox 574 393 718 471; x_wconf 78' lang='lat' dir='ltr'><strong>Pyridem</strong></span> <span class='ocrx_word' id='word_1_12' title='bbox 745 397 853 456; x_wconf 85' lang='lat' dir='ltr'><strong>&#39;statuit</strong></span> <span class='ocrx_word' id='word_1_13' title='bbox 865 397 955 462; x_wconf 86' lang='lat' dir='ltr'><strong>etiam</strong></span> <span class='ocrx_word' id='word_1_14' title='bbox 971 396 1002 457; x_wconf 85' lang='lat' dir='ltr'><strong>S.</strong></span> <span class='ocrx_word' id='word_1_15' title='bbox 1015 397 1072 459; x_wconf 86' lang='lat' dir='ltr'><strong>Ca-</strong></span> 
     </span>
     <span class='ocr_line' id='line_1_4' title="bbox 118 475 1088 559; baseline 0.008 -27"><span class='ocrx_word' id='word_1_16' title='bbox 118 475 201 534; x_wconf 89' lang='lat' dir='ltr'><strong>rolus</strong></span> <span class='ocrx_word' id='word_1_17' title='bbox 223 475 422 544; x_wconf 87' lang='lat' dir='ltr'><strong>Borromeus,</strong></span> <span class='ocrx_word' id='word_1_18' title='bbox 446 479 478 532; x_wconf 88' lang='lat' dir='ltr'><strong>et</strong></span> <span class='ocrx_word' id='word_1_19' title='bbox 498 475 621 550; x_wconf 91' lang='lat' dir='ltr'><strong>quidem</strong></span> <span class='ocrx_word' id='word_1_20' title='bbox 642 476 698 534; x_wconf 86' lang='lat' dir='ltr'><strong>suh</strong></span> <span class='ocrx_word' id='word_1_21' title='bbox 734 493 751 535; x_wconf 89' lang='lat' dir='ltr'><strong>a</strong></span> <span class='ocrx_word' id='word_1_22' title='bbox 773 476 934 538; x_wconf 83' lang='lat' dir='ltr'><strong>uerborum</strong></span> <span class='ocrx_word' id='word_1_23' title='bbox 956 480 1088 559; x_wconf 77' lang='lat' dir='ltr'><strong>formu,</strong></span> 
     </span>
     <span class='ocr_line' id='line_1_5' title="bbox 119 553 1073 634; baseline 0.006 -17"><span class='ocrx_word' id='word_1_24' title='bbox 119 558 159 624; x_wconf 89' lang='lat' dir='ltr'><strong>fa,</strong></span> <span class='ocrx_word' id='word_1_25' title='bbox 184 573 273 633; x_wconf 89' lang='lat' dir='ltr'><strong>quam</strong></span> <span class='ocrx_word' id='word_1_26' title='bbox 291 556 468 634; x_wconf 88' lang='lat' dir='ltr'><strong>praescrihit</strong></span> <span class='ocrx_word' id='word_1_27' title='bbox 488 563 626 618; x_wconf 88' lang='lat' dir='ltr'><strong>nostrum</strong></span> <span class='ocrx_word' id='word_1_28' title='bbox 639 553 770 618; x_wconf 84' lang='lat' dir='ltr'><strong>Rituafe.</strong></span> <span class='ocrx_word' id='word_1_29' title='bbox 793 557 1004 620; x_wconf 86' lang='lat' dir='ltr'><strong>lutorimdnm</strong></span> <span class='ocrx_word' id='word_1_30' title='bbox 1019 562 1073 624; x_wconf 88' lang='lat' dir='ltr'><strong>de-</strong></span> 
     </span>
    </p>
   </div>
   <div class='ocr_carea' id='block_1_3' title="bbox 5 639 1071 716">
    <p class='ocr_par' dir='ltr' id='par_1_3' title="bbox 5 639 1071 716">
     <span class='ocr_line' id='line_1_6' title="bbox 5 639 1071 716; baseline 0.01 -20"><span class='ocrx_word' id='word_1_31' title='bbox 5 671 6 696; x_wconf 65' lang='lat'>:</span> <span class='ocrx_word' id='word_1_32' title='bbox 118 644 207 698; x_wconf 83' lang='lat' dir='ltr'><strong>xtera</strong></span> <span class='ocrx_word' id='word_1_33' title='bbox 229 639 390 707; x_wconf 80' lang='lat' dir='ltr'><strong>elevatur,</strong></span> <span class='ocrx_word' id='word_1_34' title='bbox 414 639 531 698; x_wconf 87' lang='lat' dir='ltr'><strong>sinistra</strong></span> <span class='ocrx_word' id='word_1_35' title='bbox 554 639 590 698; x_wconf 90' lang='lat' dir='ltr'><strong>ad</strong></span> <span class='ocrx_word' id='word_1_36' title='bbox 613 644 718 716; x_wconf 86' lang='lat' dir='ltr'><strong>pectus</strong></span> <span class='ocrx_word' id='word_1_37' title='bbox 740 646 885 712; x_wconf 85' lang='lat' dir='ltr'><strong>tenetur,</strong></span> <span class='ocrx_word' id='word_1_38' title='bbox 905 647 941 704; x_wconf 86' lang='lat' dir='ltr'><strong>&#39;et</strong></span> <span class='ocrx_word' id='word_1_39' title='bbox 960 643 1071 707; x_wconf 87' lang='lat' dir='ltr'><strong>indicat</strong></span> 
     </span>
    </p>
   </div>
   <div class='ocr_carea' id='block_1_4' title="bbox 5 720 793 969">
    <p class='ocr_par' dir='ltr' id='par_1_4' title="bbox 5 720 916 969">
     <span class='ocr_line' id='line_1_7' title="bbox 5 720 727 782; baseline 0.003 -4"><span class='ocrx_word' id='word_1_40' title='bbox 5 743 6 778; x_wconf 70' lang='lat' dir='ltr'><strong>r</strong></span> <span class='ocrx_word' id='word_1_41' title='bbox 100 720 226 782; x_wconf 85' lang='lat' dir='ltr'><strong>honam</strong></span> <span class='ocrx_word' id='word_1_42' title='bbox 250 721 444 782; x_wconf 87' lang='lat' dir='ltr'><strong>intentionem</strong></span> <span class='ocrx_word' id='word_1_43' title='bbox 466 720 679 782; x_wconf 84' lang='lat' dir='ltr'><strong>benedicentis.</strong></span> <span class='ocrx_word' id='word_1_44' title='bbox 725 735 727 739; x_wconf 84' lang='lat'>·</span> 
     </span>
     <span class='ocr_line' id='line_1_8' title="bbox 490 835 793 969; baseline 0.005 -25"><span class='ocrx_word' id='word_1_45' title='bbox 490 835 723 969; x_wconf 59' lang='lat' dir='ltr'><strong>cnrurxrs-</strong></span> <span class='ocrx_word' id='word_1_46' title='bbox 791 918 793 921; x_wconf 90' lang='lat'>-</span> 
     </span>
    </p>
   </div>
   <div class='ocr_carea' id='block_1_5' title="bbox 193 1021 1088 1192">
    <p class='ocr_par' dir='ltr' id='par_1_5' title="bbox 193 1021 1088 1192">
     <span class='ocr_line' id='line_1_9' title="bbox 193 1021 1088 1114; baseline 0.007 -5"><span class='ocrx_word' id='word_1_47' title='bbox 193 1067 235 1109; x_wconf 83' lang='lat' dir='ltr'><strong>un</strong></span> <span class='ocrx_word' id='word_1_48' title='bbox 259 1063 465 1108; x_wconf 78' lang='lat' dir='ltr'><strong>conmunione</strong></span> <span class='ocrx_word' id='word_1_49' title='bbox 487 1027 639 1108; x_wconf 68' lang='lat' dir='ltr'><strong>anscarii</strong></span> <span class='ocrx_word' id='word_1_50' title='bbox 653 1042 703 1108; x_wconf 76' lang='lat' dir='ltr'><strong>&#39;ur</strong></span> <span class='ocrx_word' id='word_1_51' title='bbox 724 1066 767 1109; x_wconf 80' lang='lat' dir='ltr'><strong>uu</strong></span> <span class='ocrx_word' id='word_1_52' title='bbox 788 1021 995 1114; x_wconf 75' lang='lat' dir='ltr'><strong>ccuuuruorm</strong></span> <span class='ocrx_word' id='word_1_53' title='bbox 1058 1029 1061 1034; x_wconf 40' lang='grc'><strong>’</strong></span> <span class='ocrx_word' id='word_1_54' title='bbox 1086 1097 1088 1100; x_wconf 50' lang='lat'>&gt;</span> 
     </span>
     <span class='ocr_line' id='line_1_10' title="bbox 480 1145 793 1192; baseline 0.006 -2"><span class='ocrx_word' id='word_1_55' title='bbox 480 1145 692 1192; x_wconf 84' lang='lat' dir='ltr'><strong>rnrruuoauu.</strong></span> <span class='ocrx_word' id='word_1_56' title='bbox 791 1189 793 1192; x_wconf 77' lang='grc'>,</span> 
     </span>
    </p>
   </div>
   <div class='ocr_carea' id='block_1_6' title="bbox 114 1278 1069 1454">
    <p class='ocr_par' dir='ltr' id='par_1_6' title="bbox 114 1278 1069 1454">
     <span class='ocr_line' id='line_1_11' title="bbox 157 1278 1069 1372; baseline 0.005 -18"><span class='ocrx_word' id='word_1_57' title='bbox 157 1293 180 1354; x_wconf 89' lang='lat'><strong>1.</strong></span> <span class='ocrx_word' id='word_1_58' title='bbox 204 1293 327 1355; x_wconf 79' lang='lat' dir='ltr'><strong>Certum</strong></span> <span class='ocrx_word' id='word_1_59' title='bbox 350 1297 440 1368; x_wconf 92' lang='lat' dir='ltr'><strong>atque</strong></span> <span class='ocrx_word' id='word_1_60' title='bbox 469 1293 659 1370; x_wconf 82' lang='lat' dir='ltr'><strong>exploratum</strong></span> <span class='ocrx_word' id='word_1_61' title='bbox 687 1278 732 1355; x_wconf 84' lang='lat' dir='ltr'><strong>ost</strong></span> <span class='ocrx_word' id='word_1_62' title='bbox 758 1295 788 1360; x_wconf 86' lang='lat' dir='ltr'><strong>in</strong></span> <span class='ocrx_word' id='word_1_63' title='bbox 817 1295 990 1372; x_wconf 84' lang='lat' dir='ltr'><strong>primordiis</strong></span> <span class='ocrx_word' id='word_1_64' title='bbox 1011 1296 1069 1359; x_wconf 88' lang='lat' dir='ltr'><strong>Ee-</strong></span> 
     </span>
     <span class='ocr_line' id='line_1_12' title="bbox 114 1373 1069 1454; baseline 0.004 -19"><span class='ocrx_word' id='word_1_65' title='bbox 114 1376 222 1437; x_wconf 86' lang='lat' dir='ltr'><strong>ciesiae</strong></span> <span class='ocrx_word' id='word_1_66' title='bbox 244 1375 307 1454; x_wconf 84' lang='lat' dir='ltr'><strong>jam</strong></span> <span class='ocrx_word' id='word_1_67' title='bbox 330 1391 433 1434; x_wconf 88' lang='lat' dir='ltr'><strong>omnes</strong></span> <span class='ocrx_word' id='word_1_68' title='bbox 453 1373 568 1443; x_wconf 84' lang='lat' dir='ltr'><strong>fideles,</strong></span> <span class='ocrx_word' id='word_1_69' title='bbox 592 1393 722 1451; x_wconf 91' lang='lat' dir='ltr'><strong>quorum</strong></span> <span class='ocrx_word' id='word_1_70' title='bbox 745 1388 811 1438; x_wconf 84' lang='lat' dir='ltr'><strong>erat</strong></span> <span class='ocrx_word' id='word_1_71' title='bbox 831 1396 882 1436; x_wconf 84' lang='lat' dir='ltr'><strong>cor</strong></span> <span class='ocrx_word' id='word_1_72' title='bbox 904 1397 1014 1448; x_wconf 87' lang='lat' dir='ltr'><strong>unum,</strong></span> <span class='ocrx_word' id='word_1_73' title='bbox 1038 1391 1069 1444; x_wconf 84' lang='lat' dir='ltr'><strong>et</strong></span> 
     </span>
    </p>
   </div>
   <div class='ocr_carea' id='block_1_7' title="bbox 5 1456 1069 1617">
    <p class='ocr_par' dir='ltr' id='par_1_7' title="bbox 5 1456 1069 1617">
     <span class='ocr_line' id='line_1_13' title="bbox 5 1456 1069 1532; baseline 0.006 -16"><span class='ocrx_word' id='word_1_74' title='bbox 5 1497 7 1522; x_wconf 59' lang='lat'><strong>,</strong></span> <span class='ocrx_word' id='word_1_75' title='bbox 112 1461 327 1527; x_wconf 55' lang='lat' dir='ltr'><strong>anima‘unu,</strong></span> <span class='ocrx_word' id='word_1_76' title='bbox 354 1456 485 1531; x_wconf 82' lang='lat' dir='ltr'><strong>quotidie</strong></span> <span class='ocrx_word' id='word_1_77' title='bbox 511 1472 725 1532; x_wconf 83' lang='lat' dir='ltr'><strong>perseverasse.</strong></span> <span class='ocrx_word' id='word_1_78' title='bbox 750 1460 785 1530; x_wconf 79' lang='lat' dir='ltr'><strong>iu¹</strong></span> <span class='ocrx_word' id='word_1_79' title='bbox 801 1459 1069 1522; x_wconf 75' lang='lat' dir='ltr'><strong>communicatione</strong></span> 
     </span>
     <span class='ocr_line' id='line_1_14' title="bbox 5 1537 1068 1617; baseline 0.005 -18"><span class='ocrx_word' id='word_1_80' title='bbox 5 1567 7 1606; x_wconf 70' lang='lat' dir='ltr'><strong>r</strong></span> <span class='ocrx_word' id='word_1_81' title='bbox 111 1541 271 1617; x_wconf 74' lang='lat' dir='ltr'><strong>fractionis</strong></span> <span class='ocrx_word' id='word_1_82' title='bbox 295 1537 407 1606; x_wconf 84' lang='lat' dir='ltr'><strong>Panis,</strong></span> <span class='ocrx_word' id='word_1_83' title='bbox 431 1542 464 1597; x_wconf 90' lang='lat' dir='ltr'><strong>ut</strong></span> <span class='ocrx_word' id='word_1_84' title='bbox 484 1537 559 1598; x_wconf 89' lang='lat' dir='ltr'><strong>Aeta</strong></span> <span class='ocrx_word' id='word_1_85' title='bbox 587 1539 651 1614; x_wconf 89' lang='lat' dir='ltr'><strong>ipsa</strong></span> <span class='ocrx_word' id='word_1_86' title='bbox 672 1539 885 1616; x_wconf 82' lang='lat' dir='ltr'><strong>Apostolorum</strong></span> <span class='ocrx_word' id='word_1_87' title='bbox 918 1545 1068 1604; x_wconf 83' lang='lat' dir='ltr'><strong>testantur</strong></span> 
     </span>
    </p>
   </div>
   <div class='ocr_carea' id='block_1_8' title="bbox 112 1616 1065 1700">
    <p class='ocr_par' dir='ltr' id='par_1_8' title="bbox 112 1616 1065 1700">
     <span class='ocr_line' id='line_1_15' title="bbox 112 1616 1065 1700; baseline 0.006 -20"><span class='ocrx_word' id='word_1_88' title='bbox 112 1620 186 1698; x_wconf 89' lang='lat' dir='ltr'><strong>Cap.</strong></span> <span class='ocrx_word' id='word_1_89' title='bbox 203 1623 228 1681; x_wconf 92' lang='grc' dir='ltr'><strong>Ι.</strong></span> <span class='ocrx_word' id='word_1_90' title='bbox 252 1620 463 1694; x_wconf 88' lang='lat' dir='ltr'><strong>Quotidiauam</strong></span> <span class='ocrx_word' id='word_1_91' title='bbox 478 1616 725 1681; x_wconf 86' lang='lat' dir='ltr'><strong>Communionem</strong></span> <span class='ocrx_word' id='word_1_92' title='bbox 740 1624 865 1697; x_wconf 76' lang='lat' dir='ltr'><strong>suadent</strong></span> <span class='ocrx_word' id='word_1_93' title='bbox 886 1620 1065 1700; x_wconf 67' lang='lat' dir='ltr'><strong>Gratianus,</strong></span> 
     </span>
    </p>
   </div>
   <div class='ocr_carea' id='block_1_9' title="bbox 5 1697 1068 1769">
    <p class='ocr_par' dir='ltr' id='par_1_9' title="bbox 5 1697 1068 1769">
     <span class='ocr_line' id='line_1_16' title="bbox 5 1697 1068 1769; baseline 0.008 -9"><span class='ocrx_word' id='word_1_94' title='bbox 5 1735 6 1766; x_wconf 61' lang='lat' dir='ltr'><strong>r</strong></span> <span class='ocrx_word' id='word_1_95' title='bbox 112 1704 150 1764; x_wconf 88' lang='lat' dir='ltr'><strong>de</strong></span> <span class='ocrx_word' id='word_1_96' title='bbox 177 1701 321 1762; x_wconf 76' lang='lat' dir='ltr'><strong>Oratione</strong></span> <span class='ocrx_word' id='word_1_97' title='bbox 341 1700 524 1769; x_wconf 63' lang='lat' dir='ltr'><strong>flaminiam·</strong></span> <span class='ocrx_word' id='word_1_98' title='bbox 546 1701 737 1769; x_wconf 87' lang='lat' dir='ltr'><strong>Ambrosius,</strong></span> <span class='ocrx_word' id='word_1_99' title='bbox 761 1702 826 1764; x_wconf 86' lang='lat' dir='ltr'><strong>Lib.</strong></span> <span class='ocrx_word' id='word_1_100' title='bbox 853 1702 880 1762; x_wconf 83' lang='lat' dir='ltr'>V</span> <span class='ocrx_word' id='word_1_101' title='bbox 901 1697 1068 1767; x_wconf 79' lang='lat' dir='ltr'><strong>DaSocra·</strong></span> 
     </span>
    </p>
   </div>
   <div class='ocr_carea' id='block_1_10' title="bbox 112 1781 1069 1862">
    <p class='ocr_par' dir='ltr' id='par_1_10' title="bbox 112 1781 1069 1862">
     <span class='ocr_line' id='line_1_17' title="bbox 112 1781 1069 1862; baseline 0.008 -18"><span class='ocrx_word' id='word_1_102' title='bbox 112 1787 233 1854; x_wconf 68' lang='lat' dir='ltr'><strong>mentia·</strong></span> <span class='ocrx_word' id='word_1_103' title='bbox 254 1781 436 1860; x_wconf 79' lang='lat' dir='ltr'><strong>Augustinus</strong></span> <span class='ocrx_word' id='word_1_104' title='bbox 459 1783 580 1858; x_wconf 84' lang='lat' dir='ltr'><strong>aliique.</strong></span> <span class='ocrx_word' id='word_1_105' title='bbox 604 1783 661 1844; x_wconf 91' lang='lat' dir='ltr'><strong>Sed</strong></span> <span class='ocrx_word' id='word_1_106' title='bbox 686 1785 897 1862; x_wconf 77' lang='lat' dir='ltr'><strong>refrigescente</strong></span> <span class='ocrx_word' id='word_1_107' title='bbox 920 1787 1069 1852; x_wconf 84' lang='lat' dir='ltr'><strong>charitate</strong></span> 
     </span>
    </p>
   </div>
   <div class='ocr_carea' id='block_1_11' title="bbox 5 1861 1067 1946">
    <p class='ocr_par' dir='ltr' id='par_1_11' title="bbox 5 1861 1067 1946">
     <span class='ocr_line' id='line_1_18' title="bbox 5 1861 1067 1946; baseline -0.008 -19"><span class='ocrx_word' id='word_1_108' title='bbox 5 1909 6 1916; x_wconf 20' lang='grc' dir='ltr'><strong>κ</strong></span> <span class='ocrx_word' id='word_1_109' title='bbox 109 1866 261 1935; x_wconf 82' lang='lat' dir='ltr'><strong>fidelium,</strong></span> <span class='ocrx_word' id='word_1_110' title='bbox 285 1867 385 1942; x_wconf 91' lang='lat' dir='ltr'><strong>piures</strong></span> <span class='ocrx_word' id='word_1_111' title='bbox 407 1882 526 1926; x_wconf 86' lang='lat' dir='ltr'><strong>cessare</strong></span> <span class='ocrx_word' id='word_1_112' title='bbox 547 1861 714 1942; x_wconf 80' lang='lat' dir='ltr'><strong>coeperunt</strong></span> <span class='ocrx_word' id='word_1_113' title='bbox 734 1885 790 1937; x_wconf 86' lang='lat' dir='ltr'><strong>uon</strong></span> <span class='ocrx_word' id='word_1_114' title='bbox 812 1868 908 1928; x_wconf 89' lang='lat' dir='ltr'><strong>sofum</strong></span> <span class='ocrx_word' id='word_1_115' title='bbox 932 1887 947 1943; x_wconf 74' lang='lat' dir='ltr'><strong>n</strong></span> <span class='ocrx_word' id='word_1_116' title='bbox 970 1875 1067 1946; x_wconf 71' lang='lat' dir='ltr'><strong>quoq.</strong></span> 
     </span>
    </p>
   </div>
   <div class='ocr_carea' id='block_1_12' title="bbox 53 1945 1065 3718">
    <p class='ocr_par' dir='ltr' id='par_1_12' title="bbox 53 1945 1065 3718">
     <span class='ocr_line' id='line_1_19' title="bbox 109 1945 1065 2027; baseline 0.007 -20"><span class='ocrx_word' id='word_1_117' title='bbox 109 1949 218 2017; x_wconf 85' lang='lat' dir='ltr'><strong>diana,</strong></span> <span class='ocrx_word' id='word_1_118' title='bbox 242 1950 292 2008; x_wconf 90' lang='lat' dir='ltr'><strong>sed</strong></span> <span class='ocrx_word' id='word_1_119' title='bbox 315 1951 406 2008; x_wconf 86' lang='lat' dir='ltr'><strong>etiam</strong></span> <span class='ocrx_word' id='word_1_120' title='bbox 429 1966 446 2007; x_wconf 87' lang='lat' dir='ltr'><strong>a</strong></span> <span class='ocrx_word' id='word_1_121' title='bbox 468 1948 628 2024; x_wconf 78' lang='lat' dir='ltr'><strong>frequenti.</strong></span> <span class='ocrx_word' id='word_1_122' title='bbox 645 1945 725 2008; x_wconf 89' lang='lat' dir='ltr'><strong>Hine</strong></span> <span class='ocrx_word' id='word_1_123' title='bbox 747 1950 893 2027; x_wconf 84' lang='lat' dir='ltr'><strong>estquod</strong></span> <span class='ocrx_word' id='word_1_124' title='bbox 914 1949 1065 2014; x_wconf 87' lang='lat' dir='ltr'><strong>Oeaume·</strong></span> 
     </span>
     <span class='ocr_line' id='line_1_20' title="bbox 112 2028 1064 2108; baseline 0.005 -17"><span class='ocrx_word' id='word_1_125' title='bbox 112 2033 178 2091; x_wconf 90' lang='lat' dir='ltr'><strong>nica</strong></span> <span class='ocrx_word' id='word_1_126' title='bbox 201 2029 338 2108; x_wconf 76' lang='lat' dir='ltr'><strong>Synodus</strong></span> <span class='ocrx_word' id='word_1_127' title='bbox 352 2029 395 2089; x_wconf 91' lang='lat' dir='ltr'><strong>lV</strong></span> <span class='ocrx_word' id='word_1_128' title='bbox 417 2028 633 2098; x_wconf 89' lang='lat' dir='ltr'><strong>Lateraueusis,</strong></span> <span class='ocrx_word' id='word_1_129' title='bbox 657 2031 706 2090; x_wconf 89' lang='lat' dir='ltr'><strong>eui</strong></span> <span class='ocrx_word' id='word_1_130' title='bbox 728 2031 861 2107; x_wconf 81' lang='lat' dir='ltr'><strong>praefuit</strong></span> <span class='ocrx_word' id='word_1_131' title='bbox 876 2031 1064 2096; x_wconf 87' lang='lat' dir='ltr'><strong>innocentius</strong></span> 
     </span>
     <span class='ocr_line' id='line_1_21' title="bbox 107 2109 1064 2192; baseline 0.004 -20"><span class='ocrx_word' id='word_1_132' title='bbox 107 2113 189 2192; x_wconf 86' lang='lat' dir='ltr'><strong>Papa</strong></span> <span class='ocrx_word' id='word_1_133' title='bbox 210 2111 253 2173; x_wconf 87' lang='grc' dir='ltr'><strong>ΠΙ</strong></span> <span class='ocrx_word' id='word_1_134' title='bbox 276 2131 353 2174; x_wconf 90' lang='lat' dir='ltr'><strong>auno</strong></span> <span class='ocrx_word' id='word_1_135' title='bbox 374 2109 514 2172; x_wconf 82' lang='lat' dir='ltr'><strong>MCCXV</strong></span> <span class='ocrx_word' id='word_1_136' title='bbox 536 2109 656 2172; x_wconf 87' lang='lat' dir='ltr'><strong>Cauone</strong></span> <span class='ocrx_word' id='word_1_137' title='bbox 670 2111 775 2180; x_wconf 79' lang='lat' dir='ltr'><strong>XXII,</strong></span> <span class='ocrx_word' id='word_1_138' title='bbox 793 2116 947 2174; x_wconf 88' lang='lat' dir='ltr'><strong>decretum</strong></span> <span class='ocrx_word' id='word_1_139' title='bbox 962 2117 1064 2176; x_wconf 90' lang='lat' dir='ltr'><strong>edide-</strong></span> 
     </span>
     <span class='ocr_line' id='line_1_22' title="bbox 106 2188 1064 2275; baseline 0.003 -19"><span class='ocrx_word' id='word_1_140' title='bbox 106 2197 158 2265; x_wconf 88' lang='lat' dir='ltr'><strong>rit,</strong></span> <span class='ocrx_word' id='word_1_141' title='bbox 183 2213 244 2272; x_wconf 92' lang='lat' dir='ltr'><strong>quo</strong></span> <span class='ocrx_word' id='word_1_142' title='bbox 264 2188 368 2256; x_wconf 80' lang='lat' dir='ltr'><strong>fideles</strong></span> <span class='ocrx_word' id='word_1_143' title='bbox 383 2213 505 2275; x_wconf 85' lang='lat' dir='ltr'><strong>omnes,</strong></span> <span class='ocrx_word' id='word_1_144' title='bbox 530 2200 687 2272; x_wconf 87' lang='lat' dir='ltr'><strong>postquam</strong></span> <span class='ocrx_word' id='word_1_145' title='bbox 709 2195 745 2254; x_wconf 93' lang='lat' dir='ltr'><strong>ad</strong></span> <span class='ocrx_word' id='word_1_146' title='bbox 762 2213 855 2256; x_wconf 88' lang='lat' dir='ltr'><strong>annos</strong></span> <span class='ocrx_word' id='word_1_147' title='bbox 877 2196 1064 2259; x_wconf 87' lang='lat' dir='ltr'><strong>discretionis</strong></span> 
     </span>
     <span class='ocr_line' id='line_1_23' title="bbox 105 2277 1062 2355; baseline 0 -15"><span class='ocrx_word' id='word_1_148' title='bbox 105 2278 311 2355; x_wconf 86' lang='lat' dir='ltr'><strong>pervenerint,</strong></span> <span class='ocrx_word' id='word_1_149' title='bbox 324 2277 445 2336; x_wconf 89' lang='lat' dir='ltr'><strong>omuino</strong></span> <span class='ocrx_word' id='word_1_150' title='bbox 468 2282 653 2345; x_wconf 87' lang='lat' dir='ltr'><strong>tenerentur,</strong></span> <span class='ocrx_word' id='word_1_151' title='bbox 668 2295 725 2336; x_wconf 91' lang='lat' dir='ltr'><strong>non</strong></span> <span class='ocrx_word' id='word_1_152' title='bbox 748 2281 837 2340; x_wconf 91' lang='lat' dir='ltr'><strong>modo</strong></span> <span class='ocrx_word' id='word_1_153' title='bbox 857 2279 960 2340; x_wconf 83' lang='lat' dir='ltr'><strong>saltem</strong></span> <span class='ocrx_word' id='word_1_154' title='bbox 975 2282 1062 2352; x_wconf 74' lang='lat' dir='ltr'><strong>semel</strong></span> 
     </span>
     <span class='ocr_line' id='line_1_24' title="bbox 82 2357 1063 2440; baseline -0.001 -18"><span class='ocrx_word' id='word_1_155' title='bbox 82 2363 139 2424; x_wconf 49' lang='lat' dir='ltr'><strong>¹iu</strong></span> <span class='ocrx_word' id='word_1_156' title='bbox 159 2378 242 2424; x_wconf 86' lang='lat' dir='ltr'><strong>anno</strong></span> <span class='ocrx_word' id='word_1_157' title='bbox 260 2359 386 2440; x_wconf 84' lang='lat' dir='ltr'><strong>proprio</strong></span> <span class='ocrx_word' id='word_1_158' title='bbox 402 2357 556 2420; x_wconf 82' lang='lat' dir='ltr'><strong>Sacerdoti</strong></span> <span class='ocrx_word' id='word_1_159' title='bbox 577 2358 847 2440; x_wconf 76' lang='lat' dir='ltr'><strong>confiteri,·verum</strong></span> <span class='ocrx_word' id='word_1_160' title='bbox 869 2363 958 2421; x_wconf 89' lang='lat' dir='ltr'><strong>etiam</strong></span> <span class='ocrx_word' id='word_1_161' title='bbox 981 2380 1063 2421; x_wconf 83' lang='lat' dir='ltr'><strong>reue·</strong></span> 
     </span>
     <span class='ocr_line' id='line_1_25' title="bbox 53 2439 1064 2522; baseline 0.001 -19"><span class='ocrx_word' id='word_1_162' title='bbox 53 2498 55 2503; x_wconf 89' lang='lat'>.</span> <span class='ocrx_word' id='word_1_163' title='bbox 103 2451 207 2502; x_wconf 83' lang='lat' dir='ltr'><strong>rentur</strong></span> <span class='ocrx_word' id='word_1_164' title='bbox 223 2443 368 2522; x_wconf 80' lang='lat' dir='ltr'><strong>succipere</strong></span> <span class='ocrx_word' id='word_1_165' title='bbox 379 2439 419 2498; x_wconf 89' lang='lat' dir='ltr'><strong>od</strong></span> <span class='ocrx_word' id='word_1_166' title='bbox 434 2443 534 2501; x_wconf 81' lang='lat' dir='ltr'><strong>minua</strong></span> <span class='ocrx_word' id='word_1_167' title='bbox 548 2442 582 2499; x_wconf 84' lang='lat' dir='ltr'><strong>in</strong></span> <span class='ocrx_word' id='word_1_168' title='bbox 597 2439 713 2502; x_wconf 73' lang='lat' dir='ltr'><strong>Pascha</strong></span> <span class='ocrx_word' id='word_1_169' title='bbox 727 2441 938 2503; x_wconf 76' lang='lat' dir='ltr'><strong>Eucharistiae</strong></span> <span class='ocrx_word' id='word_1_170' title='bbox 953 2443 1064 2504; x_wconf 87' lang='lat' dir='ltr'><strong>Sacra-</strong></span> 
     </span>
     <span class='ocr_line' id='line_1_26' title="bbox 102 2520 1062 2604; baseline 0.002 -19"><span class='ocrx_word' id='word_1_171' title='bbox 102 2535 246 2586; x_wconf 84' lang='lat' dir='ltr'><strong>mentum.</strong></span> <span class='ocrx_word' id='word_1_172' title='bbox 264 2522 358 2584; x_wconf 90' lang='lat' dir='ltr'><strong>Porro</strong></span> <span class='ocrx_word' id='word_1_173' title='bbox 380 2524 459 2600; x_wconf 92' lang='lat' dir='ltr'><strong>quod</strong></span> <span class='ocrx_word' id='word_1_174' title='bbox 475 2527 633 2586; x_wconf 91' lang='lat' dir='ltr'><strong>teneantur</strong></span> <span class='ocrx_word' id='word_1_175' title='bbox 646 2520 750 2593; x_wconf 79' lang='lat' dir='ltr'><strong>fideles</strong></span> <span class='ocrx_word' id='word_1_176' title='bbox 764 2523 836 2587; x_wconf 82' lang='lat' dir='ltr'><strong>iesu</strong></span> <span class='ocrx_word' id='word_1_177' title='bbox 851 2521 963 2584; x_wconf 88' lang='lat' dir='ltr'><strong>Christi</strong></span> <span class='ocrx_word' id='word_1_178' title='bbox 975 2543 1062 2604; x_wconf 85' lang='lat' dir='ltr'><strong>prae-</strong></span> 
     </span>
     <span class='ocr_line' id='line_1_27' title="bbox 101 2604 1060 2688; baseline 0.002 -21"><span class='ocrx_word' id='word_1_179' title='bbox 101 2614 189 2684; x_wconf 86' lang='lat' dir='ltr'><strong>cepto</strong></span> <span class='ocrx_word' id='word_1_180' title='bbox 206 2605 243 2666; x_wconf 92' lang='lat' dir='ltr'><strong>ad</strong></span> <span class='ocrx_word' id='word_1_181' title='bbox 256 2604 494 2666; x_wconf 85' lang='lat' dir='ltr'><strong>Eucharistiaam</strong></span> <span class='ocrx_word' id='word_1_182' title='bbox 505 2606 759 2674; x_wconf 78' lang='lat' dir='ltr'><strong>communionem,</strong></span> <span class='ocrx_word' id='word_1_183' title='bbox 771 2606 901 2684; x_wconf 89' lang='lat' dir='ltr'><strong>probant</strong></span> <span class='ocrx_word' id='word_1_184' title='bbox 914 2607 1060 2688; x_wconf 81' lang='lat' dir='ltr'><strong>Theologi</strong></span> 
     </span>
     <span class='ocr_line' id='line_1_28' title="bbox 100 2686 1060 2766; baseline 0.003 -18"><span class='ocrx_word' id='word_1_185' title='bbox 100 2691 201 2766; x_wconf 90' lang='lat' dir='ltr'><strong>primo</strong></span> <span class='ocrx_word' id='word_1_186' title='bbox 231 2687 278 2748; x_wconf 90' lang='lat' dir='ltr'><strong>his</strong></span> <span class='ocrx_word' id='word_1_187' title='bbox 300 2686 409 2748; x_wconf 86' lang='lat' dir='ltr'><strong>Christi</strong></span> <span class='ocrx_word' id='word_1_188' title='bbox 435 2687 536 2748; x_wconf 83' lang='lat' dir='ltr'><strong>vachis</strong></span> <span class='ocrx_word' id='word_1_189' title='bbox 557 2686 703 2748; x_wconf 83' lang='lat' dir='ltr'><strong>Matthaei</strong></span> <span class='ocrx_word' id='word_1_190' title='bbox 727 2687 972 2766; x_wconf 80' lang='lat' dir='ltr'><strong>CapiteXXV:</strong></span> <span class='ocrx_word' id='word_1_191' title='bbox 995 2687 1060 2752; x_wconf 84' lang='lat' dir='ltr'><strong>Hoc</strong></span> 
     </span>
     <span class='ocr_line' id='line_1_29' title="bbox 100 2769 1058 2849; baseline 0.002 -19"><span class='ocrx_word' id='word_1_192' title='bbox 100 2771 190 2848; x_wconf 72' lang='lat' dir='ltr'><strong>facite</strong></span> <span class='ocrx_word' id='word_1_193' title='bbox 212 2769 246 2828; x_wconf 88' lang='lat' dir='ltr'><strong>iu</strong></span> <span class='ocrx_word' id='word_1_194' title='bbox 260 2787 357 2829; x_wconf 83' lang='lat' dir='ltr'><strong>meam</strong></span> <span class='ocrx_word' id='word_1_195' title='bbox 373 2771 699 2841; x_wconf 74' lang='lat' dir='ltr'><strong>commemorationem,</strong></span> <span class='ocrx_word' id='word_1_196' title='bbox 723 2771 832 2846; x_wconf 86' lang='lat' dir='ltr'><strong>quihus</strong></span> <span class='ocrx_word' id='word_1_197' title='bbox 843 2770 1058 2849; x_wconf 80' lang='lat' dir='ltr'><strong>protectorer-</strong></span> 
     </span>
     <span class='ocr_line' id='line_1_30' title="bbox 100 2848 1060 2931; baseline 0.005 -21"><span class='ocrx_word' id='word_1_198' title='bbox 100 2852 147 2912; x_wconf 86' lang='lat' dir='ltr'><strong>his</strong></span> <span class='ocrx_word' id='word_1_199' title='bbox 168 2848 308 2912; x_wconf 84' lang='lat' dir='ltr'><strong>Christus</strong></span> <span class='ocrx_word' id='word_1_200' title='bbox 328 2852 395 2931; x_wconf 83' lang='lat' dir='ltr'><strong>jam</strong></span> <span class='ocrx_word' id='word_1_201' title='bbox 421 2870 479 2912; x_wconf 90' lang='lat' dir='ltr'><strong>non</strong></span> <span class='ocrx_word' id='word_1_202' title='bbox 501 2851 597 2912; x_wconf 85' lang='lat' dir='ltr'><strong>sotum</strong></span> <span class='ocrx_word' id='word_1_203' title='bbox 621 2850 770 2928; x_wconf 81' lang='lat' dir='ltr'><strong>Apostcfis</strong></span> <span class='ocrx_word' id='word_1_204' title='bbox 792 2853 922 2931; x_wconf 83' lang='lat' dir='ltr'><strong>injuxit,</strong></span> <span class='ocrx_word' id='word_1_205' title='bbox 950 2859 985 2920; x_wconf 89' lang='lat' dir='ltr'><strong>ut</strong></span> <span class='ocrx_word' id='word_1_206' title='bbox 1005 2853 1060 2916; x_wconf 91' lang='lat' dir='ltr'><strong>Sa·</strong></span> 
     </span>
     <span class='ocr_line' id='line_1_31' title="bbox 101 2932 1060 3010; baseline 0.006 -18"><span class='ocrx_word' id='word_1_207' title='bbox 101 2932 252 2995; x_wconf 88' lang='lat' dir='ltr'><strong>orificium</strong></span> <span class='ocrx_word' id='word_1_208' title='bbox 268 2932 425 3004; x_wconf 81' lang='lat' dir='ltr'><strong>offerrent,</strong></span> <span class='ocrx_word' id='word_1_209' title='bbox 450 2933 502 2993; x_wconf 87' lang='lat' dir='ltr'><strong>sed</strong></span> <span class='ocrx_word' id='word_1_210' title='bbox 524 2933 614 2994; x_wconf 87' lang='lat' dir='ltr'><strong>etiam</strong></span> <span class='ocrx_word' id='word_1_211' title='bbox 637 2939 671 3006; x_wconf 89' lang='lat' dir='ltr'><strong>ut</strong></span> <span class='ocrx_word' id='word_1_212' title='bbox 683 2933 821 3009; x_wconf 82' lang='lat' dir='ltr'><strong>fidelihus</strong></span> <span class='ocrx_word' id='word_1_213' title='bbox 835 2933 1060 3010; x_wconf 73' lang='lat' dir='ltr'><strong>Enohqristiam</strong></span> 
     </span>
     <span class='ocr_line' id='line_1_32' title="bbox 101 3015 1058 3100; baseline 0.006 -26"><span class='ocrx_word' id='word_1_214' title='bbox 101 3015 318 3100; x_wconf 84' lang='lat' dir='ltr'><strong>dispensarent,</strong></span> <span class='ocrx_word' id='word_1_215' title='bbox 334 3015 590 3092; x_wconf 85' lang='lat' dir='ltr'><strong>quemadmodum</strong></span> <span class='ocrx_word' id='word_1_216' title='bbox 607 3015 662 3092; x_wconf 86' lang='lat' dir='ltr'><strong>ipsi</strong></span> <span class='ocrx_word' id='word_1_217' title='bbox 684 3016 721 3075; x_wconf 89' lang='lat' dir='ltr'><strong>ah</strong></span> <span class='ocrx_word' id='word_1_218' title='bbox 736 3035 773 3076; x_wconf 89' lang='lat' dir='ltr'><strong>eo</strong></span> <span class='ocrx_word' id='word_1_219' title='bbox 788 3017 988 3094; x_wconf 85' lang='lat' dir='ltr'><strong>dispensatam</strong></span> <span class='ocrx_word' id='word_1_220' title='bbox 1009 3035 1058 3080; x_wconf 87' lang='lat' dir='ltr'><strong>re·</strong></span> 
     </span>
     <span class='ocr_line' id='line_1_33' title="bbox 100 3095 1057 3177; baseline 0.007 -23"><span class='ocrx_word' id='word_1_221' title='bbox 100 3103 253 3175; x_wconf 87' lang='lat' dir='ltr'><strong>ceperant.</strong></span> <span class='ocrx_word' id='word_1_222' title='bbox 278 3095 409 3158; x_wconf 87' lang='lat' dir='ltr'><strong>Probaot</strong></span> <span class='ocrx_word' id='word_1_223' title='bbox 429 3099 561 3160; x_wconf 80' lang='lat' dir='ltr'><strong>secundo</strong></span> <span class='ocrx_word' id='word_1_224' title='bbox 582 3097 617 3156; x_wconf 93' lang='lat' dir='ltr'><strong>iis</strong></span> <span class='ocrx_word' id='word_1_225' title='bbox 633 3097 706 3164; x_wconf 79' lang='lat' dir='ltr'><strong>aittsj</strong></span> <span class='ocrx_word' id='word_1_226' title='bbox 713 3098 851 3177; x_wconf 87' lang='lat' dir='ltr'><strong>ejusdem</strong></span> <span class='ocrx_word' id='word_1_227' title='bbox 864 3097 976 3158; x_wconf 90' lang='lat' dir='ltr'><strong>Christi</strong></span> <span class='ocrx_word' id='word_1_228' title='bbox 987 3116 1057 3161; x_wconf 85' lang='lat' dir='ltr'><strong>ver-</strong></span> 
     </span>
     <span class='ocr_line' id='line_1_34' title="bbox 84 3175 1060 3259; baseline 0.005 -22"><span class='ocrx_word' id='word_1_229' title='bbox 84 3178 145 3239; x_wconf 89' lang='lat' dir='ltr'><strong>his</strong></span> <span class='ocrx_word' id='word_1_230' title='bbox 166 3180 245 3259; x_wconf 87' lang='lat' dir='ltr'><strong>apud</strong></span> <span class='ocrx_word' id='word_1_231' title='bbox 267 3179 423 3251; x_wconf 77' lang='lat' dir='ltr'><strong>ioannem,</strong></span> <span class='ocrx_word' id='word_1_232' title='bbox 449 3178 521 3258; x_wconf 90' lang='lat' dir='ltr'><strong>Cap.</strong></span> <span class='ocrx_word' id='word_1_233' title='bbox 545 3175 598 3240; x_wconf 87' lang='lat' dir='ltr'><strong>vl:</strong></span> <span class='ocrx_word' id='word_1_234' title='bbox 624 3176 967 3252; x_wconf 79' lang='lat' dir='ltr'><strong>Nisimanducaocritia</strong></span> <span class='ocrx_word' id='word_1_235' title='bbox 989 3198 1060 3242; x_wconf 86' lang='lat' dir='ltr'><strong>cor-</strong></span> 
     </span>
     <span class='ocr_line' id='line_1_35' title="bbox 100 3261 1055 3342; baseline 0.004 -24"><span class='ocrx_word' id='word_1_236' title='bbox 100 3276 166 3318; x_wconf 86' lang='lat' dir='ltr'><strong>nem</strong></span> <span class='ocrx_word' id='word_1_237' title='bbox 188 3261 263 3324; x_wconf 79' lang='lat' dir='ltr'><strong>Filii</strong></span> <span class='ocrx_word' id='word_1_238' title='bbox 282 3265 427 3333; x_wconf 78' lang='lat' dir='ltr'><strong>hominia,</strong></span> <span class='ocrx_word' id='word_1_239' title='bbox 448 3271 475 3321; x_wconf 89' lang='lat' dir='ltr'><strong>et</strong></span> <span class='ocrx_word' id='word_1_240' title='bbox 496 3261 626 3322; x_wconf 77' lang='lat' dir='ltr'><strong>biberitis</strong></span> <span class='ocrx_word' id='word_1_241' title='bbox 641 3264 705 3342; x_wconf 79' lang='lat' dir='ltr'><strong>ejua&#39;</strong></span> <span class='ocrx_word' id='word_1_242' title='bbox 719 3262 905 3340; x_wconf 72' lang='lat' dir='ltr'><strong>sanquinem,</strong></span> <span class='ocrx_word' id='word_1_243' title='bbox 928 3278 991 3320; x_wconf 87' lang='lat' dir='ltr'><strong>non</strong></span> <span class='ocrx_word' id='word_1_244' title='bbox 1005 3263 1055 3322; x_wconf 89' lang='lat' dir='ltr'><strong>ha·</strong></span> 
     </span>
     <span class='ocr_line' id='line_1_36' title="bbox 102 3339 1056 3420; baseline 0.009 -22"><span class='ocrx_word' id='word_1_245' title='bbox 102 3339 198 3403; x_wconf 78' lang='lat' dir='ltr'><strong>habitis</strong></span> <span class='ocrx_word' id='word_1_246' title='bbox 217 3346 327 3406; x_wconf 62' lang='lat' dir='ltr'><strong>uitamv</strong></span> <span class='ocrx_word' id='word_1_247' title='bbox 343 3346 378 3405; x_wconf 86' lang='lat' dir='ltr'><strong>in·</strong></span> <span class='ocrx_word' id='word_1_248' title='bbox 397 3345 485 3406; x_wconf 83' lang='lat' dir='ltr'><strong>uobis.</strong></span> <span class='ocrx_word' id='word_1_249' title='bbox 520 3343 550 3405; x_wconf 92' lang='lat' dir='ltr'><strong>Si</strong></span> <span class='ocrx_word' id='word_1_250' title='bbox 572 3347 708 3406; x_wconf 82' lang='lat' dir='ltr'><strong>veterem</strong></span> <span class='ocrx_word' id='word_1_251' title='bbox 730 3343 926 3420; x_wconf 86' lang='lat' dir='ltr'><strong>disciplinam·</strong></span> <span class='ocrx_word' id='word_1_252' title='bbox 939 3349 1056 3419; x_wconf 86' lang='lat' dir='ltr'><strong>speeie·</strong></span> 
     </span>
     <span class='ocr_line' id='line_1_37' title="bbox 81 3425 1055 3507; baseline 0.008 -26"><span class='ocrx_word' id='word_1_253' title='bbox 81 3441 84 3450; x_wconf 94' lang='lat'>·</span> <span class='ocrx_word' id='word_1_254' title='bbox 101 3436 180 3494; x_wconf 89' lang='lat' dir='ltr'><strong>mus,</strong></span> <span class='ocrx_word' id='word_1_255' title='bbox 204 3428 344 3490; x_wconf 87' lang='lat' dir='ltr'><strong>videntur</strong></span> <span class='ocrx_word' id='word_1_256' title='bbox 359 3428 509 3507; x_wconf 88' lang='lat' dir='ltr'><strong>prioribus</strong></span> <span class='ocrx_word' id='word_1_257' title='bbox 524 3426 653 3487; x_wconf 88' lang='lat' dir='ltr'><strong>saeculis</strong></span> <span class='ocrx_word' id='word_1_258' title='bbox 675 3427 814 3504; x_wconf 85' lang='lat' dir='ltr'><strong>permissi</strong></span> <span class='ocrx_word' id='word_1_259' title='bbox 830 3425 923 3486; x_wconf 85' lang='lat' dir='ltr'><strong>fuisse</strong></span> <span class='ocrx_word' id='word_1_260' title='bbox 944 3427 981 3487; x_wconf 90' lang='lat' dir='ltr'><strong>ab</strong></span> <span class='ocrx_word' id='word_1_261' title='bbox 997 3425 1055 3490; x_wconf 87' lang='lat' dir='ltr'><strong>Ea·</strong></span> 
     </span>
     <span class='ocr_line' id='line_1_38' title="bbox 101 3502 1056 3592; baseline 0.013 -32"><span class='ocrx_word' id='word_1_262' title='bbox 101 3502 191 3575; x_wconf 82' lang='lat' dir='ltr'><strong>etesia</strong></span> <span class='ocrx_word' id='word_1_263' title='bbox 210 3505 339 3582; x_wconf 86' lang='lat' dir='ltr'><strong>fideles,</strong></span> <span class='ocrx_word' id='word_1_264' title='bbox 362 3515 396 3570; x_wconf 88' lang='lat' dir='ltr'><strong>ut</strong></span> <span class='ocrx_word' id='word_1_265' title='bbox 417 3521 549 3592; x_wconf 74' lang='lat' dir='ltr'><strong>pro&#39;sua</strong></span> <span class='ocrx_word' id='word_1_266' title='bbox 569 3509 680 3586; x_wconf 87' lang='lat' dir='ltr'><strong>pietate</strong></span> <span class='ocrx_word' id='word_1_267' title='bbox 699 3510 749 3569; x_wconf 82' lang='lat' dir='ltr'><strong>uel</strong></span> <span class='ocrx_word' id='word_1_268' title='bbox 771 3508 809 3568; x_wconf 89' lang='lat' dir='ltr'><strong>ad</strong></span> <span class='ocrx_word' id='word_1_269' title='bbox 829 3505 1056 3572; x_wconf 80' lang='lat' dir='ltr'><strong>Eucharistiam</strong></span> 
     </span>
     <span class='ocr_line' id='line_1_39' title="bbox 100 3587 1056 3670; baseline 0.01 -28"><span class='ocrx_word' id='word_1_270' title='bbox 100 3587 287 3664; x_wconf 84' lang='lat' dir='ltr'><strong>accederent,</strong></span> <span class='ocrx_word' id='word_1_271' title='bbox 310 3591 360 3654; x_wconf 83' lang='lat' dir='ltr'><strong>uel</strong></span> <span class='ocrx_word' id='word_1_272' title='bbox 379 3587 418 3654; x_wconf 85' lang='lat' dir='ltr'><strong>¹ah</strong></span> <span class='ocrx_word' id='word_1_273' title='bbox 439 3611 481 3656; x_wconf 46' lang='lat' dir='ltr'><strong>ea,</strong></span> <span class='ocrx_word' id='word_1_274' title='bbox 497 3591 690 3661; x_wconf 83' lang='lat' dir='ltr'><strong>abstinerent</strong></span> <span class='ocrx_word' id='word_1_275' title='bbox 714 3589 802 3657; x_wconf 80' lang='lat' dir='ltr'><strong>Ratio</strong></span> <span class='ocrx_word' id='word_1_276' title='bbox 823 3597 881 3661; x_wconf 85' lang='lat' dir='ltr'><strong>est,</strong></span> <span class='ocrx_word' id='word_1_277' title='bbox 904 3592 984 3670; x_wconf 90' lang='lat' dir='ltr'><strong>quia,</strong></span> <span class='ocrx_word' id='word_1_278' title='bbox 1009 3593 1056 3654; x_wconf 90' lang='lat' dir='ltr'><strong>uti</strong></span> 
     </span>
     <span class='ocr_line' id='line_1_40' title="bbox 864 3690 879 3718; baseline 0 -4"><span class='ocrx_word' id='word_1_279' title='bbox 864 3690 879 3718; x_wconf 54' lang='grc' dir='ltr'><em>ζ</em></span> 
     </span>
    </p>
   </div>
   <div class='ocr_carea' id='block_1_13' title="bbox 0 0 1288 4042">
    <p class='ocr_par' dir='ltr' id='par_1_13' title="bbox 0 0 1288 4042">
     <span class='ocr_line' id='line_1_41' title="bbox 0 0 1288 4042; baseline 0 6"><span class='ocrx_word' id='word_1_280' title='bbox 0 0 1288 4042; x_wconf 95' lang='lat' dir='ltr'><strong> </strong></span> 
     </span>
    </p>
   </div>
  </div>
 </body>
</html>
