2567 4042
598 214 826 283 *wilffi-

233 365 320 415 cere,
344 347 579 424 propagatorem
612 361 687 404 vero
715 343 903 403 Bernardnm
924 341 1189 406 clarevallensem.

234 428 390 491 Hactenus
413 424 595 486 celebriores
611 426 821 487 recensuimus
843 427 881 486 de
893 425 988 504 hujus
1004 426 1192 504 Antiphonae

233 518 356 572 auctore
386 508 557 569 sententias.
588 505 754 584 Praecipua
782 526 820 569 ex
841 508 901 566 illis
923 508 1132 585 antiphonis,
1163 515 1193 570 et·

234 589 322 672 cujus
344 593 372 650 in
389 588 524 650 Ecclesia
547 606 619 648 usus
643 590 794 666 antiquior
809 589 940 655 videtur,
964 596 1011 650 est
1032 591 1119 651 Saloe
1142 589 1192 650 ile·

235 675 327 752 pico..
344 671 507 735 Cardinalis
521 669 711 748 Quignonius
724 689 780 733 suo
795 671 951 731 Breviario
966 691 1034 732 eam
1055 673 1193 739 inseruit,

234 773 273 817 ex
295 773 355 833 quo
377 753 408 813 S.
432 754 501 813 Pius
524 750 551 810 V
574 753 728 832 transtulit
749 755 779 811 in
800 751 1196 814 Romanumssarlbusiani

205 899 210 906 ,
237 855 296 897 non
318 839 348 896 in
370 835 430 896 fine
444 834 653 911 Complatorii,
676 835 730 896 sed
753 835 789 894 ad
807 835 957 912 Vesperas
972 836 1078 898 dicunt
1092 833 1197 912 hujus·

235 919 317 979 modl
334 918 554 994 Antiphonem
578 914 759 977 Carmelitae
781 918 810 976 in
822 915 881 977 fine
903 916 1066 994 cujuslibet
1086 920 1194 987 horaer

236 998 446 1061 Cisterelenses
469 1005 530 1058 toto
553 999 621 1058 anni
646 1005 793 1076 tempore.
829 997 1008 1060 Gnillclmus
1036 999 1195 1076 Einsegre·
1256 1026 1257 1033 ¹

208 1099 212 1108 ·
239 1084 308 1142 nius
329 1083 359 1139 in
375 1080 526 1141 Chronico
541 1079 675 1156 Spirensi
699 1079 795 1140 relert
815 1078 846 1140 S.
864 1082 1050 1142 bernardum
1068 1082 1198 1158 Aposto-

237 1165 312 1225 licae
341 1161 426 1222 Sedis
457 1163 494 1221 ad
516 1161 684 1222 Germanos
714 1162 859 1240 Legatum
889 1181 961 1224 curn
990 1164 1119 1240 quadarn
1150 1162 1197 1222 die

235 1243 412 1322 hujusmodi
443 1244 604 1320 antiphona
639 1244 819 1305 recitaretur
851 1246 881 1304 in
916 1244 1052 1306 Ecclesia
1074 1243 1197 1320 Spiren-

239 1328 286 1394 si,
310 1343 408 1404 genua
431 1325 562 1391 flexisse,
587 1331 618 1385 et
639 1325 718 1386 haec
740 1326 833 1387 verba
855 1325 1050 1404 adjunxisse:
1077 1324 1107 1385 0
1134 1325 1201 1387 Cle·

237 1427 330 1474 merra,
355 1407 447 1487 opio
468 1427 485 1465 o
508 1406 605 1466 dulcis
633 1407 725 1486 Virgo
749 1407 863 1470 Maria.
887 1408 1090 1469 Protestantes
1123 1407 1194 1466 uitio
1256 1380 1257 1453 l

237 1491 322 1552 nobis
338 1494 473 1554 vertunt,
498 1489 576 1564 quod
599 1488 628 1547 in
651 1492 829 1552 recitatione
852 1489 1027 1568 hujusmodi
1050 1488 1197 1565 Antipho
1256 1494 1257 1497 ’

238 1591 366 1640 narum,
403 1571 438 1630 iis
462 1570 556 1630 titulis
577 1570 702 1631 Beatam
725 1570 882 1650 Virginem
906 1575 1111 1640 decoremus,
1146 1569 1195 1644 qui

238 1653 293 1714 soli
311 1652 374 1714 Deo
396 1653 554 1712 debentur.
579 1650 684 1728 iniqua
708 1672 832 1731 prorsus
853 1655 1025 1724 accusatio;
1051 1671 1103 1713 nos
1117 1651 1196 1710 enim

237 1737 360 1796 Beatam
377 1733 532 1811 Virginem
550 1735 676 1794 nonalia
693 1737 809 1796 ratione
824 1733 926 1796 Vitam
940 1741 1085 1805 nostram,
1108 1733 1195 1810 Spem

238 1822 370 1894 nostram
393 1817 592 1895 appellamus,
617 1816 670 1876 nisi
694 1818 764 1892 quia
786 1817 853 1895 lpsa
876 1819 959 1878 nobis
981 1819 1086 1896 genuit
1106 1815 1192 1876 Chri·

240 1906 320 1960 stum
345 1896 517 1964 Dominum,
542 1896 593 1971 qui
616 1915 689 1958 vere
710 1916 780 1975 spes
803 1904 903 1960 nostra
924 1906 990 1968 est,
1015 1917 1050 1958 ac
1072 1897 1144 1967 vita,
1166 1897 1195 1956 et

240 1998 339 2056 aquo
362 1979 429 2056 Ipsa
452 1979 512 2038 suis
535 1979 677 2054 precibus
698 1997 783 2054 spem
807 1980 892 2040 nobis
924 2001 959 2040 ac
980 1981 1076 2040 vitam
1104 1980 1196 2056 impe·
1256 2026 1257 2051 p

242 2069 322 2124 trare
345 2066 453 2138 potest.
477 2058 555 2132 Quia
577 2078 650 2120 vero
672 2061 850 2123 Beatissimae
873 2059 967 2140 Virgo
983 2080 1105 2138 semper
1119 2077 1195 2120 mor·
1256 2068 1257 2131 t

241 2144 314 2205 tales
336 2151 473 2202 materno
495 2143 626 2219 protegit
648 2142 783 2211 ellectu,
819 2143 886 2203 ideo
919 2146 947 2203 in
970 2142 1029 2204 fine
1052 2141 1194 2220 cujusque
1256 2142 1257 2217 l

239 2225 328 2286 olticii
344 2225 484 2286 salutatio
500 2225 657 2298 quaedam,
681 2229 712 2284 et
727 2224 900 2302 deprecatio
923 2226 959 2285 ad
975 2226 1117 2286 eamdem
1132 2222 1193 2300 liei·
1256 2232 1257 2313 p

242 2325 346 2386 param
363 2307 521 2382 Virginem
543 2305 659 2366 elinndi
681 2307 768 2376 solet,
792 2314 836 2377 ut,
859 2309 884 2366 si
899 2307 970 2386 quid
992 2309 1023 2366 in
1041 2303 1190 2368 tremendo
1256 2316 1257 2393 p

241 2389 297 2448 Del
319 2391 402 2449 cultu
429 2388 560 2446 bumana
582 2388 744 2465 iragilitate
765 2396 900 2448 erratum
923 2388 991 2459 est,
1025 2388 1133 2448 Matris
1153 2386 1192 2444 in·
1256 2398 1257 2455 l

239 2477 378 2530 terrentu
394 2469 573 2546 propitiatus
588 2470 734 2529 Dominus
757 2471 844 2530 nobis
863 2488 922 2548 non
939 2473 1069 2547 imputet
1082 2469 1119 2529 ad
1132 2466 1192 2526 cul·
1256 2468 1257 2557 l

210 2591 213 2597 -
240 2570 323 2631 pam.
347 2550 413 2630 lpse
436 2557 560 2610 cunctos
589 2553 640 2627 qui
664 2549 817 2611 confidunt
838 2553 868 2611 in
890 2571 938 2622 ea,
961 2552 1096 2630 depulsis
1116 2551 1191 2608 ritae
1256 2562 1257 2633 l

240 2635 393 2711 procellis,
419 2631 560 2694 munifico
582 2633 666 2693 louet
686 2632 840 2715 amplexu.
914 2647 916 2652 ’
1027 2657 1032 2664 ·
1256 2640 1257 2717 l

605 2791 734 2854 CAPUT
755 2793 833 2854 XX.
1256 2734 1257 2783 ¹

322 2977 366 3020 DE
387 2975 512 3020 orriolo
534 2973 640 3018 PAEVO
662 2975 788 3018 EEATAE
811 2975 951 3018 linoltus
972 2974 1097 3017 nentes

459 3059 500 3101 Er
522 3058 564 3100 DE
586 3055 711 3101 orricio
733 3055 977 3100 perunctarum.

310 3139 327 3170 0
506 3149 508 3152 .

281 3202 307 3264 1.
331 3204 477 3278 Quamvis
492 3203 628 3262 Ecclesia
650 3201 755 3277 primis
770 3203 957 3278 temporibus
979 3207 1043 3261 tum
1060 3200 1191 3279 publicis,
1256 3268 1257 3271 Ἴ

242 3293 305 3347 tum
328 3286 462 3364 privatis·
475 3283 699 3363 precationibus
720 3281 1101 3359 Sanctissimaelteiparae
1115 3281 1192 3342 auxi-
1256 3330 1257 3341 ,

242 3367 316 3429 ilum
339 3367 478 3442 quotidie
494 3365 658 3444 llagitare,
683 3383 810 3442 eamque
832 3368 941 3426 erectis
965 3365 1085 3442 templis
1105 3362 1193 3424 lestis·
1256 3402 1257 3409 κ

243 3463 300 3525 que
323 3449 426 3508 diebus
442 3447 509 3525 ojus
524 3448 638 3508 nomini
654 3448 815 3516 attributis,
833 3448 972 3508 venerari
994 3444 1191 3511 consueverit
1256 3412 1258 3485 i

244 3545 316 3588 usus
339 3534 446 3590 tamen
463 3530 607 3590 recitandi
630 3546 737 3606 preces
758 3528 825 3606 ejus
846 3530 985 3589 horarias
1008 3534 1193 3595 contentam
1256 3564 1257 3611 l

242 3609 360 3670 videtur
385 3611 569 3688 praeseferre
591 3611 813 3688 antiquitatem,
837 3609 1065 3674 siculofficinm
1089 3608 1192 3670 Delun·
1256 3658 1257 3661 ,
