2567 4042
486 215 547 279 *l
567 206 690 277 iil-m·

110 336 238 413 negotiis
271 334 500 413 soecularibus,
523 342 555 397 et
580 337 745 397 moderatis
776 338 881 416 opibus
904 340 1060 407 contenti,

110 419 185 479 nibil
206 417 341 494 emplius
366 418 546 503 requirant,
569 417 654 497 juxis
676 418 749 479 illud
770 419 907 497 Apostoli
940 420 969 479 in
991 418 1063 499 Epi-

108 503 187 561 siole
199 498 241 560 11
257 499 297 559 sd
311 497 506 560 Timotheum
521 499 596 579 Cap.
613 500 644 561 II
666 498 759 561 Nemo
780 502 914 561 militans
928 498 989 560 Deo
1005 504 1071 561 im-'

105 585 195 662 plicui
205 598 240 641 ss
261 582 389 659 nepotiis
403 582 616 642 soecularibus.
630 582 785 643 GenuInus
806 586 909 642 sulem
938 583 966 642 in
988 581 1063 645 Ton-

108 681 198 725 surae
221 664 410 739 susceptione
432 662 497 740 cjus
511 662 663 725 formulae
677 682 784 725 sensus
804 669 861 734 est,
875 670 909 725 ut
929 662 1062 725 Clericus

109 746 158 806 bis
172 743 276 805 ¹verbis
290 744 388 806 Deum
403 746 524 806 unicum
545 762 670 806 suorum
683 750 826 807 velorum
846 762 971 824 scopum
993 763 1062 823 pro·
1154 744 1156 749 ’

108 833 213 903 ponet,
237 843 402 903 omnesque
424 845 493 888 suns
514 827 724 907 cogitationes,
749 828 857 889 celeris
879 828 1062 905 postpositis,¹

107 909 137 969 in
159 907 283 969 unicum
305 907 403 969 Deum
429 910 595 971 relaturum
616 910 674 969 sibi
697 910 885 986 persuadeat.
909 904 994 969 Haec
1015 915 1062 969 esi

107 1008 197 1052 mens
219 988 327 1049 isidori
349 988 552 1067 Hispalensis,
575 991 642 1051 Lib.
666 990 695 1051 II
718 990 753 1049 ds
780 988 890 1073 Officiis
912 988 1062 1051 Ecclesiu-

108 1072 193 1133 siicis
215 1068 290 1149 Cap.
316 1070 330 1131 Ι
371 1072 406 1130 ui
426 1071 559 1134 ciericos
579 1073 685 1133 socori
705 1073 822 1151 refert,
846 1089 879 1130 co
901 1071 1005 1151 quod,
1028 1072 1062 1131 in

108 1162 220 1213 sortem
253 1154 325 1213 boos
362 1154 447 1213 icosio
470 1155 596 1215 Domini
623 1154 759 1221 dentur,
781 1157 826 1215 osi
853 1170 910 1231 pro
932 1153 1063 1232 eoquod

106 1238 173 1314 ipsc
188 1233 336 1295 Dominus
356 1252 419 1294 sors
433 1235 558 1296 illorum
572 1246 629 1302 ssi,
646 1235 724 1295 sicut
745 1234 780 1295 ds
794 1234 835 1295 sis
849 1237 994 1313 scriplum
1008 1244 1058 1297 esi.

107 1317 249 1395 loquente
269 1313 424 1374 Domino:
447 1314 512 1393 Epo
530 1315 707 1377 ‘increditus
729 1334 841 1377 eorum.
870 1312 951 1375 Unde
976 1334 1061 1393 opor-

108 1406 161 1467 iet,
185 1396 299 1472 inquil,
322 1405 356 1454 ul
377 1399 431 1476 qui
451 1396 549 1458 Deum
570 1397 755 1457 haereditate
772 1396 933 1478 possident,
957 1400 1064 1475 absquo

107 1480 178 1538 ullo
187 1474 401 1555 impedimento
421 1477 544 1548 soeculi,
561 1478 622 1538 Deo
644 1481 756 1539 seruire
770 1478 919 1542 studeant.
939 1486 967 1537 st
984 1480 1063 1557 pou·

66 1631 69 1634 ¹
104 1571 194 1638 peres
215 1560 327 1638 spisisu
348 1575 407 1619 esse
429 1560 619 1626 contensiosi,
636 1570 663 1620 ei
686 1578 815 1638 conpruc
835 1556 912 1620 illud
935 1556 1063 1619 Psolmi-

108 1650 173 1700 sius
196 1639 298 1699 dicore
314 1641 456 1724 possisne
479 1642 625 1701 Dominus
640 1658 717 1720 pars
749 1640 944 1701 haereditetis
965 1656 1058 1701 meos.

107 1718 314 1799 Explicendus
336 1722 458 1797 insuper
479 1728 526 1783 est
547 1726 632 1792 ritus,
653 1740 712 1799 quo
733 1721 898 1803 Episcopus
920 1738 959 1782 ex
979 1740 1064 1799 pree

108 1804 227 1879 scripio
248 1804 380 1863 Rornsni'
395 1802 595 1873 Pontificum,
619 1804 769 1881 accipiens
791 1806 819 1863 iu
842 1820 933 1863 manu
954 1802 1063 1881 Super·

108 1886 298 1962 pelliceum,
321 1884 539 1962 imponensque
561 1888 597 1945 iis
618 1886 670 1962 qui
692 1904 762 1947 mox
785 1888 893 1947 silensi
915 1890 1001 1956 sunl,
1023 1886 1064 1945 ils

109 1965 237 2043 singuiis
259 1966 343 2025 dicii:
360 1964 474 2027 Induat
495 1977 522 2027 ie
540 1968 685 2027 Dominus
705 1986 815 2027 nouum
830 1966 989 2034 bominem,
1009 1971 1063 2045 qui

108 2046 276 2109 secuudum
298 2048 396 2108 Deum
426 2058 545 2109 creolus
560 2059 609 2109 est
635 2050 670 2109 iu
695 2050 818 2129 justitio
850 2058 876 2107 cl
901 2048 1063 2107 sanctitate

109 2131 264 2191 serilonis.
287 2127 343 2189 Esi
363 2130 487 2206 quidem
508 2131 672 2192 verborum
693 2130 822 2191 lormuln
848 2130 1005 2206 desumpta
1027 2146 1065 2189 ex

107 2209 143 2271 S.
168 2209 255 2271 Pauli
277 2208 412 2289 Epistola
444 2212 481 2271 sd
503 2209 653 2289 Ephesios
675 2210 747 2291 Cap.
771 2211 814 2272 IV
828 2209 990 2271 'versiculo
1011 2208 1063 2282 Ξῐις

111 2292 201 2371 eujus
228 2298 332 2352 iernen
363 2310 417 2353 nec
439 2293 715 2353 Sacramenlusium
736 2293 980 2370 Gregorisnurn‚
1009 2308 1063 2352 nec

104 2372 196 2435 »Ordo
217 2373 398 2444 Romanus,
429 2392 485 2434 nec
511 2376 626 2452 antiqui
649 2375 732 2435 Libri
755 2374 888 2436 liituales
917 2372 1064 2434 ullatenus

106 2457 294 2517 meminere.
317 2454 362 2515 Eo
377 2462 537 2534 propleren
553 2457 658 2518 babitu
671 2457 761 2517 hodie
783 2458 821 2517 ab
835 2456 984 2533 Episcopo
1000 2466 1065 2515 cun·

106 2538 206 2598 uidsli
228 2536 396 2597 Clesicalus
417 2538 589 2607 induunlur‚
604 2545 639 2598 ul
661 2538 843 2617 significetur
858 2538 1065 2615 ipsos-saecu·
1179 2574 1182 2581 -

111 2618 185 2680 luris
206 2618 327 2679 habitus
349 2619 493 2681 servitute
507 2620 642 2697 deposito
656 2628 687 2681 et
708 2630 812 2681 sacrae
826 2618 988 2695 Religionis
1011 2620 1065 2715 bs·

109 2699 175 2762 bitu
191 2707 358 2777 assumpto,
373 2715 466 2761 novos
481 2702 617 2762 homines
632 2720 697 2762 esse
713 2710 864 2781 oportere.
880 2700 968 2761 Vitae
984 2716 1064 2761 enrm

111 2783 292 2850 novitatem,
306 2782 471 2844 munditiae
486 2785 659 2851 candorem,
673 2802 708 2843 nc
722 2783 963 2861 perseverantiae
974 2781 1064 2843 linem

112 2863 259 2941 designet.
284 2868 320 2923 ut
341 2864 442 2924 verbis
466 2871 535 2925 ulsr
556 2864 701 2942 Stephani
723 2865 919 2927 Tornaceusis
940 2865 970 2923 in
992 2862 1066 2944 Epi·

112 2948 187 3006 sisio
200 2942 360 3006 XXXIII.
382 2943 451 3005 Iluc
474 2952 600 3022 spectet,
617 2946 695 3023 quod
718 2948 821 3007 scribit
834 2944 989 3007 Honorius
1004 2945 1065 3005 Au·

111 3024 347 3103 ‘gustodunensis
368 3025 435 3087 Lib.
461 3027 533 3090 Iole
556 3028 680 3107 antiqno
707 3032 772 3089 ritu
794 3025 958 3089 Missurum
988 3025 1062 3104 Cep

111 3106 307 3169 CCXXXIII
322 3107 397 3167 albis
411 3110 554 3179 vestibus,
571 3126 626 3169 seu
639 3108 869 3189 superpelliceis
889 3108 967 3168 vilse
982 3126 1065 3169 mun·-

111 3189 217 3251 niuem
241 3189 378 3255 indicari,
397 3192 603 3271 quio-juslum
626 3199 691 3263 cst,
715 3199 750 3250 ui
774 3191 883 3252 Clerici
902 3191 935 3249 iu
957 3192 1066 3253 saucii-

112 3278 195 3339 iulc,
220 3281 248 3331 st
263 3270 386 3351 justitia
408 3268 471 3329 Deo
492 3273 633 3333 seruiunt.
795 3288 798 3296 ¹
931 3309 933 3313 ·

153 3352 208 3414 ΠΙ.
233 3351 434 3413 Osliariorum
448 3352 653 3415 Ordinationis
673 3355 747 3415 ritus
769 3354 811 3413 ila
833 3353 976 3414 describit
990 3352 1063 3415 Con·

113 3433 216 3494 cilium
237 3434 475 3513 Carthaginenses
497 3434 541 3495 IV
563 3435 682 3497 Conone
704 3454 794 3496 nouo:
823 3432 974 3496 Ostiurius
997 3454 1064 3495 cum

113 3514 284 3585 ordinatur,
298 3526 456 3594 postquam
478 3519 514 3577 ub
530 3513 750 3577 A'rcbidiocono
771 3518 937 3577 instructus
957 3516 1063 3594 suuis,

113 3598 299 3673 nuolilcrin
321 3596 407 3657 dome
428 3594 486 3659 Dei
508 3598 609 3660 debeat
630 3601 823 3667 conuersum
844 3595 884 3657 od
905 3597 1064 3675 supponis·
