2567 4042
625 180 848 262 *sottssse

261 328 310 370 ma
333 316 381 370 est
399 308 553 372 Ecclesiae
575 311 748 388 disciplina,
772 327 860 388 quarn
884 310 994 386 passim
1016 307 1140 380 Patres,
1153 309 1204 388 Sy-

262 391 352 461 nodi,
375 409 411 452 ac
433 393 556 454 riluales
578 393 697 453 codices
710 391 848 470 probant.
870 389 958 450 Ratio
980 397 1026 450 est
1051 394 1117 452 tum
1139 395 1203 470 quia

262 473 439 552 sepulturae
460 475 489 534 in
511 476 584 536 locis
598 476 694 536 saeris
709 475 860 534 institutae
874 477 944 533 sunt
964 473 994 531 iu
1016 471 1163 535 honorem
1176 472 1206 532 li·

257 556 396 626 delium,
420 562 455 616 ut
475 559 527 632 qui
555 557 603 633 pie
625 557 768 618 vixerunt
789 558 818 614 in
846 552 903 614 fide
924 552 1036 616 Christi
1057 561 1090 616 ct
1109 557 1205 617 Eccle-

256 637 330 707 siae,
343 640 437 698 etiam
459 639 489 696 in
511 644 608 698 morte
622 638 660 698 ab
675 638 809 698 Ecclesia
824 637 1022 713 excipiantur3
1038 639 1104 716 tum
1120 638 1206 697 etiam

257 720 331 795 quia
354 737 446 797 grave
468 719 611 780 damnum
634 724 774 782 censetur
796 717 937 780 defuncto
957 717 1074 789 inferri,
1092 720 1207 796 privare

258 802 343 861 illum
365 801 531 862 commodis
552 809 584 861 et
607 800 775 872 fructibus,
800 803 851 878 qui
873 801 1080 879 percipiuntur
1107 818 1144 859 ex
1166 819 1208 859 se-

259 884 379 961 pultura
402 883 432 941 iu
456 885 520 944 loco
543 900 630 943 sacro
651 891 682 943 et
704 883 869 944 benedicto.
1076 879 1079 886 ’
1260 921 1261 962 ,

639 1044 766 1105 carus
787 1045 827 1106 rr.
1258 1059 1261 1136 p

524 1227 565 1269 BE
588 1225 793 1279 Extoutnnutt
815 1224 943 1268 ottolttts.

262 1419 267 1433 .
300 1372 323 1431 l.
349 1370 518 1450 Sepeliendi
551 1373 625 1432 ritus
658 1373 808 1434 solemnes
837 1367 875 1451 (1)
903 1370 941 1430 ab
975 1372 1039 1449 ipso
1061 1371 1209 1432 Ecclesiae

258 1454 385 1535 exordio
407 1454 436 1514 in
460 1471 513 1512 uso
536 1453 670 1513 luerunt.
693 1452 775 1514 luter
796 1454 870 1513 alios
885 1452 1062 1528 Sepulturac
1086 1453 1211 1514 honores
1262 1481 1263 1536 p

260 1536 429 1612 principem
453 1533 551 1595 locum
573 1540 656 1595 tenet
670 1532 846 1605 Processio‚
863 1552 922 1609 qua
936 1533 1094 1594 defunctus
1109 1535 1148 1594 ad
1163 1532 1210 1593 Ec·
1262 1547 1263 1574 ³

259 1617 382 1677 clesiam
405 1613 552 1676 defertur.
577 1613 653 1676 Eam
677 1617 830 1692 antiquam
853 1633 917 1676 esse
940 1614 968 1673 in
992 1613 1155 1684 Ecclesia,
1177 1615 1211 1676 ab

258 1700 387 1775 antiquis
409 1698 547 1759 Patribus
574 1698 729 1758 addiscere
751 1699 841 1762 licet,
865 1698 916 1774 qui
946 1695 1123 1775 hujusmodi
1144 1697 1211 1757 Pro-

259 1781 409 1840 cessioues
432 1785 598 1840 recensent.
622 1779 762 1840 Meminit
794 1778 886 1857 hujus
908 1778 985 1838 ritus
1006 1777 1036 1839 S.
1059 1778 1210 1856 Hieronp-

181 1894 187 1906 ι
258 1879 350 1929 mus,
373 1863 410 1922 de
433 1859 539 1920 iuuere
561 1858 674 1922 Paulae
701 1863 888 1936 aliarumque
910 1859 1116 1922 Matronarum
1140 1861 1211 1920 dise·

258 1961 337 2003 reus.
361 1943 458 2004 Multa
484 1941 658 2003 funebrium
686 1941 915 2004 Processionum
943 1944 1082 2018 exempla
1108 1960 1210 2003 receu-

258 2031 304 2086 set
318 2021 477 2086 Gretserus
491 2023 558 2084 Lib.
575 2022 589 2083 1
606 2025 650 2084 Dc
664 2027 758 2084 sooria
773 2023 1017 2093 Processionr'bcs,
1034 2022 1107 2103 Cap.
1125 2023 1208 2084 Xlll.

257 2104 361 2166 Fuisse
389 2109 469 2184 ipsae
502 2105 531 2164 in
553 2106 690 2165 ordinem
722 2113 752 2167 et
773 2112 855 2166 certa
888 2106 1006 2182 agmina
1032 2107 1209 2184 dispositas,

258 2189 378 2264 planum
402 2187 486 2249 nobis
507 2187 578 2246 lacit
599 2185 754 2265 Nyssenus
774 2190 803 2247 in
826 2187 895 2247 Vita
921 2187 951 2248 S.
977 2187 1145 2250 Maoriuae.
1163 2187 1212 2249 Ge
1262 2213 1263 2216 ¹

258 2278 358 2332 terum
379 2270 459 2346 quod
488 2267 550 2345 ipsa
581 2268 653 2327 olim
680 2267 834 2330 Processio
860 2268 993 2330 funebris
1019 2277 1211 2347 perageretur

258 2369 328 2413 cum
343 2356 433 2413 cantu
461 2352 493 2408 et
515 2347 678 2427 psalmodia
701 2349 858 2411 serentium
870 2349 975 2412 Crucis
996 2353 1119 2422 vexilla,
1144 2369 1209 2413 cum

258 2430 444 2493 candelabris
475 2435 506 2491 et
526 2433 731 2503 aromatibus,
755 2432 843 2493 docet
863 2451 917 2492 nos
941 2440 1046 2495 auctor
1072 2433 1164 2495 Vitae
1179 2433 1206 2494 S.

262 2513 393 2576 Huberti
408 2511 751 2590 EpiscopiLeodiensis,
768 2515 819 2590 qui
835 2515 906 2575 obiit
920 2533 997 2575 anno
1014 2513 1209 2576 Decxxxt.

265 2593 441 2656 Sacerdotes
463 2595 639 2672 praesertim
668 2611 771 2656 cereos
803 2601 974 2672 gestantes,
999 2601 1029 2657 el
1050 2596 1209 2676 Hymnus,

265 2675 459 2752 Psalmosque
481 2682 622 2736 canentes
644 2675 818 2754 hujusmodi
847 2677 1033 2739 Processioui
1066 2687 1099 2740 et
1119 2679 1211 2740 officio

262 2757 375 2818 funeris
397 2754 540 2828 adfuisse,
558 2758 723 2836 pervetusti
746 2755 899 2819 Ecclesiae
914 2757 1084 2838 Scriptores
1106 2765 1212 2822 testau-

262 2846 321 2899 tur.
346 2837 565 2898 'l'intinnabulis
585 2838 632 2897 rel
649 2837 809 2917 Campanis
825 2841 969 2919 populum
985 2845 1148 2904 convocari
1169 2860 1211 2902 so

259 2922 346 2981 litum
370 2919 406 2978 ad
428 2919 569 2980 lunerum
592 2921 814 2991 deductionem,
835 2922 965 2999 prodidit
985 2924 1067 2984 Beda
1084 2925 1149 2984 Lib.
1172 2920 1210 2983 tv

261 3001 335 3079 Cap.
360 3000 436 3062 Xlll
465 3003 545 3078 apud
578 3001 764 3078 Stephanum
793 3003 920 3064 Duranti
947 3005 1013 3065 Lib.
1040 3005 1056 3081 1
1080 3006 1211 3066 Dariti-

259 3086 310 3143 bos
332 3081 481 3142 Ecclesiae
504 3082 692 3153 Catholicae,
715 3082 788 3159 Cap.
811 3081 906 3145 XXll
928 3104 1012 3148 num.
1039 3087 1089 3147 12.
1114 3087 1211 3148 Memi-

261 3166 305 3225 nit
325 3171 356 3224 et
376 3163 442 3241 ejus
462 3165 537 3223 ritus
559 3163 728 3226 Gulielmus
748 3165 911 3228 Durandus
932 3168 961 3227 in
983 3185 1039 3228 suo
1061 3167 1212 3234 Ratioaoti

258 3245 324 3304 Lib.
350 3245 362 3305 l
383 3245 456 3321 Cap.
470 3243 514 3305 IV
536 3245 586 3306 ubi
608 3247 670 3313 ait,
694 3248 805 3324 pulsari
827 3247 937 3328 debere
958 3249 1139 3328 Campanas,
1163 3250 1210 3310 ali-

261 3343 322 3401 quo
347 3325 513 3395 moriente,
538 3332 571 3389 ul
591 3329 719 3405 populus
742 3327 799 3389 hoc
821 3330 947 3392 audiens
968 3339 1035 3393 oret
1056 3351 1112 3410 pro
1132 3333 1190 3394 illo.

291 3511 328 3572 tl)
346 3511 479 3574 Gaulum,
497 3514 605 3564 Rhoete
622 3515 773 3570 Romanum
791 3521 993 3571 commentariis
1022 3521 1204 3578 illustratam,

260 3577 364 3634 Titulus
382 3581 425 3630 vt.
444 3581 538 3646 caput:
558 3584 603 3634 ΙΙΙ.
