2567 4042
600 128 803 205 'widdle-

224 260 327 327 eulum
350 264 502 338 octavum..
517 258 633 326 Verum
656 258 801 323 Ordinem
823 260 906 321 illum
929 258 1049 321 saeculo
1065 264 1174 319 octauo

223 343 425 419 antiquiorem
446 360 524 413 esse,
548 346 639 417 atque
661 342 697 401 ad
721 348 856 419 tempora
877 340 925 402 vel
946 338 1055 402 Gelasii
1072 339 1175 399 Ponti·

223 425 313 488 licis,
342 425 389 485 ret
412 424 518 491 saltem
541 423 678 500 Gregorii
700 422 742 483 M.
767 422 991 489 revocandum,
1021 423 1171 485 existimat

143 573 148 586 .
221 504 413 570 Mabillonius
440 506 473 565 in
499 504 644 565 Ordinem
671 502 842 567 Romanum
870 506 1113 568 Commentarius
1129 503 1173 563 T.

221 589 251 651 ll
275 584 394 648 Musaei
419 586 531 649 Italici.
558 586 621 648 Non
649 604 766 656 unum,
791 586 842 649 sed
865 586 964 663 plures
986 587 1057 647 olim
1079 586 1172 647 fuisse

220 668 342 732 Ordinis
362 670 488 737 Romani
512 668 629 729 libellos
650 687 688 729 en
717 668 869 735 Amatorio
892 668 1098 747 intelligimus.
1122 666 1176 727 Di·

127 818 132 823 ,
221 752 302 824 versi
324 756 410 812 eraut
441 752 473 812 bi
500 748 617 817 libelli,
648 769 706 809 non
736 751 822 811 modo
854 768 909 829 pro
931 752 1056 813 diversis
1084 766 1172 827 argu·
1262 780 1263 783 κ

123 893 126 897 ,
222 834 356 901 mentis,
382 840 416 892 ut
436 832 555 892 libellus
577 832 614 892 de
635 832 727 891 Missa
749 831 912 891 pontificali
944 831 1110 893 secundum
1133 832 1172 890 ri·
1257 868 1258 877 .

221 924 287 978 tum
297 912 451 975 Ecclesiae
462 913 629 984 Romanae,
644 913 763 978 libellus
775 916 812 976 de
822 913 983 979 Ordinibus
996 914 1101 983 sacris,
1110 918 1168 973 etc.
1256 934 1263 963 r

221 996 387 1065 sedetiam
413 1013 469 1073 pro
491 1013 552 1057 uno
572 997 739 1073 eodemque
761 1002 958 1075 argumento;
981 996 1008 1055 id
1032 995 1113 1072 quod
1136 1012 1172 1056 ex
1256 1064 1257 1079 χ

223 1074 378 1150 bmalario
410 1079 604 1144 manifestum
626 1083 694 1147 est,
719 1079 769 1139 ubi
802 1080 936 1139 diversos
958 1077 1077 1139 libellos
1103 1078 1177 1138 citat
1202 1125 1205 1132 .

221 1178 278 1239 pro
300 1177 361 1224 nuo
383 1160 550 1236 eodemque
565 1159 672 1221 Officio
687 1157 901 1221 Hebdomades
916 1158 1077 1221 Pascbalis.
1094 1155 1175 1221 lliue
1255 1164 1256 1171 ’

223 1248 281 1308 est,
297 1242 377 1318 qu‘od
400 1241 593 1311 llabillonius
608 1246 752 1309 ueterem
769 1242 943 1305 sententiam
966 1246 1094 1318 sequuta
1134 1249 1176 1303 to·

223 1325 317 1403 tidem
339 1323 454 1388 libellos
474 1324 596 1385 Ordinis
618 1322 747 1385 Romani
769 1324 917 1390 distinxit,
941 1328 1016 1400 quot
1036 1260 1175 1399 ejussdem
1256 1336 1257 1351 ¹

223 1406 395 1481 diversique
418 1406 455 1467 de
478 1406 585 1468 ritibus
606 1403 734 1467 Romani
756 1409 926 1487 argumenti
958 1406 1080 1467 adducit
1100 1406 1176 1466 seri»

222 1489 352 1567 ptiones.
376 1486 475 1565 Atque
509 1488 584 1548 haec
605 1492 652 1550 est
684 1488 811 1560 aliorum
834 1488 1012 1565 scriptorum
1032 1488 1173 1565 opinio..

225 1587 358 1646 quorum
376 1570 440 1629 loca
463 1588 722 1647 supervacaneum
738 1577 783 1631 est
799 1587 968 1631 recensere.
984 1568 1175 1631 Mobillonius

223 1654 269 1712 iu.
286 1669 341 1725 suo
370 1652 502 1711 secundo
525 1653 678 1713 volumine
700 1650 817 1713 Musaei
839 1650 939 1714 Italici
971 1657 1039 1713 tres
1053 1652 1176 1712 omniuo

222 1732 444 1804 uetustissimos
476 1734 513 1793 de
536 1731 628 1797 Missa
650 1733 816 1803 Pontificali
843 1734 959 1795 libellos
987 1736 1084 1811 primo
1108 1734 1174 1794 loeo

223 1813 357 1887 exbibet,
370 1815 491 1889 ¹quibus
512 1814 564 1873 alii
580 1816 639 1893 duo
662 1817 826 1877 succedunt
846 1816 882 1878 de
898 1815 989 1875 Missa
1005 1815 1176 1892 Episcopali
1258 1880 1259 1883 Ἴ

225 1895 391 1958 secundum
406 1896 499 1956 ritum
522 1894 857 1960 Ecclesiae-Romanae.
880 1898 950 1957 Post
970 1899 1025 1959 hos
1046 1916 1179 1975 sequun-

225 1983 275 2048 tur
297 1975 391 2038 libelli
412 1978 450 2038 de
463 1978 578 2039 Ordine
593 1980 748 2058 baptismi,
766 1999 800 2042 ac
815 1980 852 2041 de
866 1978 1111 2041 Ordinationibus
1132 1996 1175 2039 sa·
1258 1976 1259 1979 ’

225 2061 297 2136 eric
330 2060 437 2125 deinde
456 2066 604 2122 'auctores
632 2082 650 2123 a
672 2064 793 2124 saeculo
814 2059 897 2128 xli.
921 2062 1099 2124 Benedictus
1121 2060 1178 2121 Ca⁴

225 2143 353 2205 donicus
374 2140 404 2204 S.
429 2140 511 2204 Petri
534 2144 590 2203 sub
609 2142 784 2205 Innocentio
805 2143 845 2211 ΙΙ,
861 2141 1053 2204 Oeneiusde
1075 2142 1178 2205 Sabel-

225 2225 262 2290 lis
282 2222 450 2284 Cardinalis
474 2222 714 2295 subanlestino
728 2224 783 2285 lll:
808 2226 844 2284 ad
867 2225 941 2286 baec
955 2224 1180 2288 caeremoniale
1260 2256 1261 2259 ¹

224 2306 310 2383 jussu
332 2304 472 2385 Gregorii
493 2304 525 2365 X
548 2307 682 2375 editum,
705 2307 899 2368 Ordinarium
921 2306 1023 2368 Jacobi
1044 2305 1178 2385 Cajctani

225 2387 401 2456 fluminalis,
418 2405 453 2446 ac
469 2388 592 2449 demum
609 2390 677 2449 libri
693 2390 952 2465 caeremoniarum
972 2387 1053 2450 Petri
1068 2389 1180 2449 Amelii

227 2470 366 2547 Episcopi
381 2468 623 2547 senogalliensis.
640 2470 740 2532 Variis
756 2472 825 2550 ipsis
840 2471 956 2541 libellis,
977 2480 1052 2548 qnos
1067 2470 1179 2531 Roma·

226 2568 280 2610 nos
293 2549 423 2613 Ordines
444 2552 638 2613 Mobillonius
653 2553 796 2629 appellat.
814 2556 943 2629 suntque
958 2572 1087 2613 numero
1102 2552 1178 2621 XV.

226 2633 325 2693 varias
346 2632 564 2695 admonitiones
587 2634 726 2710 praefixit
740 2635 819 2695 idom
834 2640 939 2695 auctor
961 2634 999 2694 ad
1015 2634 1182 2707 informans

228 2714 301 2776 dum
324 2713 497 2783 studiosum,
517 2716 673 2779 lectorem.

227 2852 230 2857 .
269 2793 357 2856 Xlll.
382 2795 480 2857 Venio
502 2798 539 2856 ad
553 2796 779 2860 Caeremoniale
802 2796 927 2859 Sanciae
949 2797 1104 2860 Romanae
1119 2798 1180 2859 Ec·

230 2876 355 2947 clesiae,
379 2880 461 2955 quod
483 2878 671 2957 Augustinus
693 2878 837 2941 Patricius
859 2898 896 2941 ex
918 2880 1053 2955 antiquis.
1069 2880 1182 2941 Roma-

229 2960 275 3036 nis
290 2958 454 3022 Ordinibus
469 2966 500 3021 et
514 2962 648 3038 probatis
662 2961 815 3023 Romanae
827 2960 979 3023 Ecclesiae
994 2962 1096 3022 usibus
1111 2977 1183 3022 con·

229 3043 381 3109 manarit,
405 3046 437 3103 et
457 3042 631 3110 Innocentio
653 3043 750 3123 Papae
773 3042 845 3104 Vlll
867 3044 1026 3107 dedicarit.
1042 3042 1114 3105 Fuit
1126 3042 1184 3104 Pa·

229 3125 346 3186 tricius.
362 3124 550 3201 Apostolieus
571 3119 853 3191 Caeremoniarius‚
878 3131 1064 3203 quatuorque
1088 3143 1181 3185 annos

226 3208 356 3269 „servivit
376 3206 428 3267 Pio
444 3204 471 3265 ll
494 3205 642 3277 Pontifici,
664 3228 682 3269 a
704 3226 762 3285 quo
784 3205 996 3283 Piccolominei
1016 3225 1182 3283 cognomen

230 3287 349 3351 babuit.
372 3288 463 3348 Liber
484 3289 534 3349 hic
557 3295 656 3352 tamen
679 3289 817 3365 uulgatus
838 3307 895 3352 non
919 3288 974 3350 luit
995 3308 1012 3349 a
1033 3290 1182 3355 Patricio,

230 3370 282 3447 qui
305 3375 433 3430 mortem
455 3368 872 3447 oppetiitMCCCCXCXVl.
896 3371 997 3432 Edidit
1011 3368 1181 3449 Cristopba·
1262 3364 1263 3379 ³

231 3470 285 3525 rus
307 3450 470 3514 Marcellus
489 3452 686 3531 Corcyrensis
707 3451 872 3532 Episcopus
894 3452 1008 3514 liomae
1028 3450 1178 3520 mcxvi,

231 3540 264 3612 et
279 3533 400 3613 quidem
414 3551 490 3603 cum
500 3529 658 3597 Pontificio
671 3535 827 3615 privilegio
843 3534 950 3597 Leonis
962 3534 1004 3596 X.
1021 3533 1087 3595 Hoc
1103 3549 1181 3613 opus
