2567 4042
576 178 800 248 willea-

218 306 403 372 recolamus,
428 306 509 364 iuxta
533 306 608 365 illud
629 303 740 366 Psalmi
762 302 839 365 LlV:
869 304 999 380 Vespero,
1023 312 1069 364 cta
1078 320 1184 364 manc,
1268 350 1269 357 .

221 399 248 448 ct
269 385 392 448 morea
413 388 562 456 navabo,
587 397 614 447 ot
640 387 839 447 annuntiabo.
863 385 972 447 Preces
1002 382 1186 445 ¹recitandae

218 488 289 531 oum
310 470 419 529 dantur
440 469 542 545 signa,
566 476 634 529 sunt
655 471 719 546 ipsa
732 470 879 531 salutabo
893 464 1033 545 Angelica
1059 472 1111 525 ter
1136 482 1186 525 re·

218 553 333 629 petita,
357 558 389 611 et
409 549 599 634 Antiphanes
632 552 823 630 interpositae
856 566 925 611 cum
957 548 1123 613 versibus,
1154 553 1185 607 ct
1271 586 1272 593 .

217 635 353 694 oratione
376 632 516 693 Gratiam
536 636 631 694 uam.
649 633 708 695 Ter
729 638 831 693 autem
853 632 962 692 dicitur
983 627 1044 689 Aoo
1059 628 1102 689 ud
1120 628 1186 691 lau·
1271 677 1272 690 .

214 717 289 776 dem
310 714 363 775 SS.
387 713 548 775 Trinitatis.
567 714 631 777 Non
654 716 786 792 quolibet
806 715 875 774 anni
890 719 1024 790 tempore
1048 709 1185 775 eaedem
1271 747 1272 765 .

220 816 324 875 preces
334 796 501 873 eodemque
517 797 604 856 modo
620 798 789 858 recitandae
804 796 948 857 sunt.Per
963 812 1093 861 annum.
1107 793 1186 853 dum

219 882 328 941 dantur
349 879 449 954 signa,
473 875 558 939 llexis
585 880 710 954 genibus
737 881 833 939 dictae
853 895 958 955 preces
980 874 1109 935 recitari
1133 873 1185 937 de-
1271 922 1272 935 .

215 964 315 1024 -bent,
337 960 470 1037 exceptis
492 961 602 1038 sabatis
633 962 804 1038 vespertino
831 966 991 1036 tempore,
1014 956 1187 1019 aldiebus

220 1042 395 1103 Dominicis.
413 1059 540 1101 necnon
563 1048 625 1103 toto
639 1044 774 1103 Paschali
796 1049 942 1119 tempore.
959 1038 1043 1100 llaec
1059 1040 1104 1101 de
1121 1040 1185 1099 ritu
1271 1062 1272 1065 ¹

220 1124 353 1204 pulsandi
376 1123 543 1201 Campanas
564 1123 716 1201 Vespere,
733 1123 833 1191 Mane,
856 1141 891 1183 ac
914 1121 1041 1183 Meridie
1057 1123 1090 1181 in
1110 1119 1184 1185 San·

220 1213 267 1267 cta
290 1205 344 1265 Dei
366 1204 501 1267 Ecclesia
523 1212 658 1282 recepto.
682 1207 765 1268 Nunc
797 1210 957 1282 superest,
981 1210 1015 1263 ut
1037 1209 1186 1263 caeteros
1271 1252 1272 1279 3

219 1289 358 1367 ejusdem
372 1288 524 1353 Ecclesiae
547 1306 618 1348 usus
633 1289 768 1365 pulsandi
786 1286 953 1363 Campanas
973 1286 1183 1361 explicemus.
1271 1328 1272 1331 η

261 1370 314 1432 lll.
339 1369 372 1429 ln
387 1370 491 1431 diebus
504 1368 588 1429 lestis
603 1373 678 1438 etin
695 1373 786 1431 sacris
796 1368 1039 1430 Procemionibus
1055 1369 1098 1429 ad
1116 1369 1184 1428 lau·
1271 1420 1272 1444 .

219 1445 331 1513 demet
345 1452 470 1528 gloriam
481 1451 537 1511 Dei
548 1450 779 1530 Omnipoteutis,
792 1456 822 1511 et
834 1450 979 1511 honorem
995 1448 1186 1525 Sanctomm
1271 1524 1272 1529 η

220 1534 330 1615 pulsari
346 1535 451 1602 solent,
469 1539 503 1593 ut
518 1533 556 1591 ad
571 1552 677 1594 earum
694 1536 812 1612 pulsum
828 1532 1123 1593 mentes'bominum
1140 1530 1186 1589 in·

220 1619 314 1676 terius
329 1618 494 1676 excitentur
507 1616 544 1675 ad
561 1615 741 1677 laudandum
758 1616 868 1683 Deum,
885 1620 916 1674 et
929 1614 966 1673 ad
980 1613 1113 1675 Sanetos
1129 1612 1187 1673 bo·
1271 1688 1272 1692 Ἰ

220 1697 346 1757 norilice-
358 1695 537 1757 invocandos
552 1699 718 1757 eleventur.
737 1697 821 1757 Adde
837 1697 939 1762 eliam,
953 1696 1030 1771 quod
1047 1693 1187 1771 Campa·
1271 1742 1272 1776 3

220 1781 387 1840 naeetiam
419 1780 456 1840 ad
479 1777 679 1846 festivitates,
710 1785 740 1839 et
767 1776 974 1837 processiones
1003 1778 1186 1839 indicandas
1271 1823 1272 1856 ,

219 1861 377 1938 pulsantur
398 1868 453 1931 ut,
477 1859 581 1921 fideles
601 1863 637 1921 ad
660 1878 711 1921 eas
732 1860 788 1921 rite
819 1860 1011 1920 celebrandas
1040 1862 1186 1919 animum
1271 1916 1272 1940 ἶ

218 1943 255 2001 ad
278 1943 377 2002 Deum
399 1942 550 2004 elevatum
573 1960 754 2019 praeparare
776 1942 923 2002 studeant.
936 1938 1013 2001 Usus
1035 1940 1186 2017 pulsandi
1271 1989 1272 1993 ,

219 2024 386 2102 Campanas
408 2043 463 2102 pro
485 2024 630 2086 defunctis
647 2024 840 2101 perantiquus
862 2030 928 2090 est,
952 2028 986 2083 ut
1006 2023 1188 2083 excitentur

220 2105 322 2167 lideles
342 2108 380 2168 ad
403 2109 578 2182 praestanda
600 2107 709 2167 allicis·
720 2106 889 2174 defunctis,
918 2106 967 2167 vel
989 2104 1099 2163 saltem
1126 2122 1187 2181 pro
1271 2152 1272 2159 ,

220 2188 276 2248 illis
306 2188 343 2247 ad
372 2189 468 2249 Deum
490 2206 605 2272 preces
637 2187 802 2248 effundant.
830 2186 1017 2248 Venerabilis
1051 2186 1186 2262 quidem
1271 2180 1272 2253 J

219 2269 300 2330 Beda
321 2272 370 2346 qui
394 2271 514 2332 vivebat
535 2272 652 2331 labente
670 2270 787 2330 saeculo
805 2268 862 2330 Vll
880 2269 946 2328 lib.
962 2266 1003 2328 lv
1021 2266 1187 2329 Historiae
1271 2320 1272 2325 ,

219 2349 322 2429 Capite
344 2351 452 2413 XXlll
468 2354 524 2412 ⁴ubi
545 2352 688 2413 describit
713 2351 828 2412 obitum
849 2350 957 2411 Hildae
980 2349 1183 2419 Abbatissae,

220 2433 446 2513 tintinnabulis,
470 2434 516 2495 vel
537 2434 699 2511 Campanis
714 2434 858 2510 populum
872 2432 1031 2492 convocari
1054 2431 1186 2493 solitum

221 2514 258 2573 ad
281 2515 421 2575 lunerum
444 2513 656 2577 deductionem
671 2515 811 2592 prodidit.
827 2516 871 2575 De
893 2532 928 2575 eo
950 2515 1011 2573 ritu
1025 2510 1122 2573 fidem
1137 2514 1187 2573 la·

222 2596 308 2657 ciunt
329 2596 593 2658 luculentissimam
615 2598 729 2673 antiqui
757 2602 915 2662 auctores,
939 2594 1068 2655 loannes
1091 2596 1185 2657 Bele-

222 2677 314 2745 thus‚
349 2679 380 2737 in
409 2680 608 2758 explicatione
634 2679 814 2739 Divinarum
830 2676 1037 2761 ,opernm
1071 2674 1186 2756 Capite

223 2757 330 2828 CLXI;
344 2766 376 2820 et
396 2757 563 2822 Guilelmus
579 2760 748 2827 Durandus,
773 2760 804 2818 in
825 2758 1051 2839 suolintr'onala'
1066 2754 1135 2817 Lib.
1164 2760 1181 2817 1

217 2838 294 2917 Cap.
310 2838 422 2912 lV3‘et
436 2842 590 2903 Honorius
606 2842 898 2918 Augustoduncnsis,
923 2841 953 2899 in
974 2857 1029 2901 sua
1049 2836 1183 2901 Gemma

179 2998 181 3002 .
219 2925 340 2983 animno
361 2922 425 2983 Lib.
442 2926 463 2985 1
467 2923 492 2984 V
510 2924 582 3001 Cap.
596 2923 709 2994 CXVh
728 2924 780 3001 qui
802 2924 838 2983 de
855 2924 911 2983 boc
933 2924 994 2983 ritu
1009 2922 1057 2998 his
1072 2922 1181 2981 verbis

171 3047 179 3067 .
218 3004 358 3082 loquitur:
380 3003 438 3066 Pro
459 3006 586 3065 mortuis
605 3017 704 3067 autern
727 3006 760 3064 ob
783 3004 858 3065 duas
878 3022 984 3065 causas
1002 3004 1183 3079 Campanus

219 3105 382 3156 sonamus,
405 3099 440 3149 ut
462 3088 599 3150 uidelicet
621 3088 751 3149 meantes
766 3106 825 3167 pro
848 3088 890 3147 cis
910 3094 1014 3155 mont,
1039 3095 1068 3143 ot
1088 3094 1124 3143 nt
1144 3102 1180 3143 so

220 3172 309 3229 ortam
336 3171 497 3231 morituros
528 3170 675 3247 capitoni,
699 3186 785 3247 seque
818 3168 857 3227 od
886 3166 992 3245 chna
1016 3165 1180 3229 Coclornm

219 3251 311 3311 ituros
329 3263 524 3332 praeparant.-
547 3250 651 3311 Nolani
673 3267 792 3327 quoque
819 3251 861 3310 ct'
876 3250 948 3309 illud
969 3250 1027 3309 hoc
1050 3248 1117 3309 loco
1130 3245 1181 3324 ju·

219 3339 288 3391 vat:
311 3332 480 3412 Campanas
501 3332 572 3395 olim
593 3331 705 3412 pulsari
728 3332 905 3409 solituspro
928 3332 962 3391 iis
984 3332 1098 3397 luisse.
1121 3329 1176 3405 qui

215 3413 251 3471 -in
273 3430 368 3490 agone
389 3417 495 3476 mortis
522 3415 675 3475 constituti
705 3419 791 3474 erant
826 3420 930 3489 estque
963 3415 988 3473 is
1020 3413 1097 3473 ritus
1118 3411 1178 3475 ho.-

102 3489 106 3502 '
220 3494 267 3551 die
289 3494 318 3552 in
342 3513 398 3555 usu
430 3496 507 3573 apud
539 3498 640 3556 varios
662 3493 881 3555 Monachorum
902 3495 1041 3555 Ordines.
1072 3492 1180 3553 Prole·

220 3579 332 3635 stantes
363 3576 447 3637 nobis
468 3578 659 3655 exprobant,
695 3577 773 3651 quod
806 3578 1033 3654 tempestatibus
1061 3574 1178 3635 exortis
