2567 4042
443 189 669 262 mliii&-

90 325 118 380 et
136 320 228 396 magis
248 320 440 382 ostenderent
470 320 586 398 accepti
608 317 751 382 Beneficii
784 318 938 397 gaudium.
976 317 1037 397 lly-

89 419 168 462 mnus
191 399 229 460 Te
250 401 348 462 Deum
367 397 542 462 lendenaus
563 400 668 479 plenus
690 405 735 462 esi
750 400 900 472 laetitiae,
918 405 949 463 el
964 418 1034 478 pro·
1063 419 1065 425 ⁴

88 488 181 559 pterea
201 483 233 542 iu
253 483 371 559 signum
394 483 494 558 gerrdii
518 500 572 560 pro
599 483 702 561 gratiis
724 481 851 542 obtentis
873 487 1032 550 cantetur,

87 564 195 624 etiamsi
218 564 267 624 illa
289 564 338 624 die
368 564 538 626 reticendus
558 570 638 626 esset
660 566 690 624 in
712 562 820 632 officio,
836 581 873 626 eo
893 565 965 640 quia
987 579 1034 624 ra·

86 646 122 706 lio
140 645 336 707 solemnitatis
357 645 387 705 id
409 646 560 722 postulat,
584 663 639 708 nec
661 645 823 707 Processio‘
838 646 868 706 in
891 645 949 704 hoc
965 661 1031 704 con·

85 727 200 787 cordate
223 727 314 788 debet
333 745 404 788 cum
425 727 529 787 lllissa.
546 724 670 788 Praeter
684 723 857 806 ,Hymuum
887 723 922 785 Te
939 727 1035 786 Deum

85 805 273 878 leudeinus,
297 809 347 870 ubi
370 809 456 885 longe
478 807 615 878 osirin,
639 825 805 887 per-quam
834 809 940 870 transit
962 805 1033 868 Pro·

86 891 194 966 sepem,
219 908 258 949 er
281 891 466 967 praescripto
488 887 617 950 Ritualis
649 891 707 951 dici
741 896 881 967 poterunt
901 887 1032 954 Psalmi.

86 989 184 1048 nempe
206 968 341 1032 Jnoitnu
362 969 425 1030 Deo
448 973 542 1045 omnis
565 980 672 1042 terra,
696 969 843 1032 Ennltnte
864 969 927 1032 Deo
948 968 1033 1043 udin-

84 1055 135 1113 tori
154 1064 280 1120 nostro,
303 1059 336 1113 et
356 1049 493 1112 landate
515 1053 678 1128 Dominum
709 1071 807 1113 omncs
837 1063 944 1131 pentes.
968 1050 1035 1112 Pre-

83 1152 125 1195 ces
148 1139 179 1196 ct
193 1135 345 1195 orationes
368 1136 570 1212 praescriptae
592 1139 728 1212 spectant
752 1134 881 1210 quidem,
901 1139 932 1198 el
952 1135 1034 1211 ipsae

81 1218 115 1276 ad
136 1217 236 1276 Deum
261 1214 469 1284 laudandum,
493 1217 582 1293 eique
604 1216 715 1292 gratias
730 1215 879 1294 agendum
904 1233 957 1292 pro
980 1213 1032 1274 be·

83 1295 188 1359 neliciis
209 1299 249 1356 ab
271 1316 309 1358 eo
331 1299 474 1374 acceptis.

48 1375 51 1382 '
119 1377 156 1439 ll.
176 1377 276 1438 'Finis
308 1376 550 1459 processionum,
570 1378 771 1440 translationis
802 1379 1032 1454 Reliquiaruur',

81 1462 204 1520 sanctior
225 1465 294 1522 est:
319 1460 445 1522 intendit
465 1462 546 1526 enim
571 1459 707 1522 Ecclesia
737 1459 839 1522 fideles
861 1465 891 1520 et
912 1473 1033 1519 omnem

83 1543 222 1619 populum
246 1542 381 1603 excitare
402 1543 438 1600 ad
462 1559 567 1602 eorum
590 1544 744 1618 sequenda
771 1543 907 1620 vestigia.
931 1538 1033 1600 Multi·

82 1624 144 1699 plici
166 1623 286 1683 ratione
319 1622 384 1684 lieri
417 1628 515 1701 potest
535 1638 692 1684 sacrarum
716 1622 920 1698 Reliquinrum
956 1627 1034 1682 tran·
1076 1663 1080 1672 .

80 1704 176 1772 elatio,
204 1723 327 1782 semper
350 1721 422 1765 uero
437 1705 481 1764 ab
504 1705 673 1782 Episcopo,
698 1706 741 1766 uli
762 1705 902 1766 observat
923 1702 1033 1782 Fagna·

80 1805 112 1846 uo
132 1788 162 1846 iu
183 1785 259 1864 Cap.
284 1784 312 1845 ll
335 1786 394 1846 Tit.
419 1785 459 1847 ts
480 1805 512 1845 n.
539 1786 587 1855 15,
610 1805 665 1848 nec
688 1805 745 1847 non
768 1787 806 1847 ob
827 1787 939 1866 justam
962 1803 1033 1844 cau-

80 1883 152 1941 sam,
180 1870 249 1928 sive
271 1869 369 1944 agitur
391 1869 429 1928 de
451 1867 637 1928 revelatione
667 1868 794 1929 alicuius
817 1869 909 1943 sancti
931 1883 1033 1943 corpo·

80 1949 135 2020 ris,
160 1950 243 2027 quod
267 1949 452 2010 venerationi
473 1956 504 2012 et
525 1950 620 2012 cultui
642 1949 901 2026 erponidebeat,
925 1947 972 2010 vel
994 1946 1031 2006 de

81 2031 271 2092 translatione
293 2030 330 2091 ab
352 2050 412 2092 una
433 2029 470 2090 ad
493 2030 580 2092 aliam
603 2027 772 2092 Ecclesiam
794 2037 830 2092 ut
855 2031 897 2092 ibi
926 2047 1032 2108 perpe·

78 2114 125 2172 tuo
145 2113 347 2180 adservetur,
369 2115 419 2174 vel
449 2103 574 2173 demum
595 2110 633 2173 de
655 2110 847 2174 Processioue
869 2111 1031 2172 solummo-

79 2191 112 2252 do
132 2213 202 2255 cum
226 2195 321 2253 sacris
342 2193 488 2272 Reliquiis
509 2193 547 2254 ab
569 2211 629 2254 una
651 2194 689 2254 ad
704 2195 840 2256 eamdem
854 2191 1029 2254 Ecclesiam.

78 2271 159 2337 Circa
181 2275 361 2354 hujusmodi
381 2276 591 2343 Processiones
608 2318 632 2345 ,.
648 2275 906 2338 Translatiouesve
937 2290 1034 2334 sacra·

79 2372 139 2416 rurn
161 2357 373 2434 Reliquiarum
396 2360 482 2436 plura
504 2357 581 2417 scitu
603 2356 654 2416 hic
677 2357 765 2434 digua
778 2356 946 2418 adnotanda
963 2372 1031 2415 cen·

80 2455 188 2500 semus.
213 2436 317 2498 Primo
350 2440 450 2517 itaque
472 2439 618 2515 requisita
639 2439 722 2508 luit,
751 2439 795 2499 ad
810 2457 861 2500 eas
883 2437 1034 2500 celebrau-

80 2518 128 2580 das
147 2519 388 2588 Processioues,
411 2519 633 2597 Episcoporum
664 2526 696 2582 et
715 2520 921 2584 Praelatnrum
945 2519 1034 2579 lieen-

81 2601 136 2670 tia,
161 2610 196 2664 ut
220 2606 305 2680 patet
325 2620 362 2662 ex
377 2601 520 2663 Reinerio
541 2601 571 2659 in
587 2600 678 2662 Libro
693 2603 906 2664 Miraculorum
922 2600 952 2662 S.
969 2599 1032 2660 Gis·
1069 2663 1072 2670 ,

80 2679 133 2741 leui
155 2689 188 2746 et
211 2701 251 2745 err
273 2683 339 2743 aliis
361 2683 500 2760 plurimis
517 2685 718 2744 monumentis
739 2682 964 2744 Ecclesiasticis.
983 2681 1034 2744 Se·

81 2765 174 2826 cundo
198 2765 401 2843 praemissum
418 2765 509 2827 luisse
523 2763 700 2841 hujusmodi
719 2763 916 2833 Processloni,
940 2763 1034 2824 Tran-

79 2845 233 2908 slationive
261 2844 472 2922 Reliquorum,
496 2844 658 2924 jejunium,
682 2851 856 2908 constater
878 2843 1033 2906 actisSan·

80 2932 214 2997 ntorum,
240 2945 319 3004 qnae
341 2928 452 3003 passim
475 2939 639 2988 occurrunt
666 2930 745 3007 apud
773 2927 906 2988 eruditos
939 2928 1033 2988 socios

80 3005 298 3071 Bollandianos.
321 3007 425 3068 Tertio
446 3026 547 3070 sacras
562 3006 715 3087 Reliquias
731 3012 759 3070 in
782 3027 889 3070 earum
910 3004 1034 3087 Proces-

81 3089 156 3153 sione
178 3110 197 3152 a
221 3091 416 3169 praecipuis,
438 3094 470 3150 et
491 3090 662 3151 senioribus
690 3092 803 3154 delatas
835 3088 937 3172 spisse.
961 3087 1035 3150 Cor-

81 3188 129 3246 pus
150 3173 185 3234 S.
207 3171 344 3233 Filiberti
367 3172 575 3242 sacerdotum,
599 3167 784 3242 Lenitnrurn,
801 3173 891 3232 simul
913 3189 949 3230 nc
972 3168 1037 3232 Mo-

82 3255 239 3316 ancltoruno
253 3256 389 3314 ltumcria
405 3253 561 3319 clevatum,
581 3259 613 3314 et
633 3253 767 3316 delatum
783 3253 891 3314 dicitur
913 3254 943 3312 in
965 3252 1034 3330 ejus

82 3331 291 3398 Translatiouis
313 3333 460 3396 Historia.
483 3334 599 3408 Quarto
632 3353 703 3396 cum
729 3337 809 3411 ipsae
830 3330 1035 3398 Processiones

83 3422 145 3478 ante
175 3418 302 3495 aliquod
323 3417 563 3487 Monasterium‚
585 3421 647 3478 aul
675 3413 844 3477 Ecclesiam
873 3418 1035 3492 pertransi·

82 3505 163 3567 rent,
187 3506 240 3562 aul
272 3499 476 3569 accederent,
502 3499 595 3560 saeris
617 3497 794 3560 Sanctorum
819 3495 950 3572 Reliquis
973 3503 1033 3558 inm

83 3575 208 3653 Clerici,
232 3599 325 3660 quam
348 3580 488 3643 Monachi
509 3581 648 3643 certatim
665 3580 865 3660 procedebant
887 3579 1031 3649 obviem,
