2567 4042
474 218 696 288 william·

116 345 153 404 ob
176 346 268 405 multa
291 346 460 417 beneficia,
485 348 528 406 uti
550 347 689 406 observat
710 345 920 406 Bellarmiuus
944 343 1061 422 Oratio-

116 443 167 486 nes
189 428 218 485 in
239 426 351 488 Rituali
374 429 577 506 praescriptae
610 434 680 489 sunt
711 427 957 505 poenitentiales.
981 432 1011 485 et
1033 427 1061 484 iu

115 508 200 568 tertia
222 527 328 570 earum
351 511 387 570 ad
409 511 526 586 signum
548 511 653 571 Crucis
668 510 812 570 Sacerdos
834 527 923 568 manu
945 509 993 568 vel
1016 525 1063 568 sa·

114 603 164 649 cra
174 589 290 667 Reliqia
306 593 456 653 benedicit
470 594 584 652 aerem.
601 592 728 668 Insuper
749 609 859 667 aquam
875 590 1061 650 benedictam

114 672 252 742 adhibet,
275 674 346 749 quia
368 675 445 735 inter
465 673 592 734 virtutes
613 691 708 749 aquae
732 673 905 733 benedictae
927 672 975 732 illa
990 688 1063 730 enu-

112 760 266 821 meratur,
291 755 412 832 lugendi
434 759 627 832 tempestates
650 762 680 816 et
702 755 859 831 procellas.

152 833 193 894 ΙΙ.
216 834 271 896 Est
291 839 414 912 quidem
429 838 523 899 sames
538 856 630 897 unum
655 856 692 898 ex
713 837 909 897 atrocioribus
924 834 979 895 Dei
995 851 1063 914 pec-

113 922 177 977 cata
200 917 302 996 populi
324 921 472 997 punientis
495 918 658 995 flagellum,
676 919 922 994 tempestatisque
944 916 1063 976 nominc

82 1042 84 1049 .
113 1000 261 1076 appellata
289 999 346 1061 luit
366 1021 383 1062 a
405 1001 532 1062 Ieremia
552 1001 704 1081 Propheta
718 999 799 1079 Cap.
823 1000 862 1069 V,
886 999 939 1059 ubi
962 997 1062 1076 populi

112 1081 158 1145 sui
181 1081 358 1144 afflictiones
380 1101 558 1152 recensens,
583 1085 612 1143 in
635 1084 770 1144 oratione
793 1100 882 1160 quam
905 1081 942 1140 ad
964 1077 1062 1140 Deum

112 1160 227 1232 babuit,
251 1163 294 1222 sic
316 1165 433 1244 inquit:
457 1165 548 1225 Pellis
570 1176 682 1234 uestro,
706 1165 792 1244 quasi
813 1164 965 1232 clibanus,
990 1179 1064 1222 emu-

111 1253 156 1305 sto
176 1254 219 1304 est
240 1265 259 1307 o
279 1246 357 1322 facie
379 1257 585 1328 tempestatum
613 1248 714 1325 samis.
739 1245 878 1306 Ollleium
906 1247 936 1304 in
958 1243 1063 1321 primis
1086 1311 1088 1332 1

111 1322 250 1405 Episcopi
272 1331 352 1400 erit,
376 1329 603 1406 Rectoremque
624 1329 826 1389 Ecclesiarum
847 1369 854 1396 ,
877 1329 927 1396 nbi
956 1342 1064 1402 nempe

111 1415 246 1471 extrema
261 1415 420 1472 necessitas
435 1415 557 1489 urgeat,
575 1411 623 1470 vel
639 1429 723 1471 sacra
747 1412 810 1488 ipsa
825 1409 976 1469 Ecclesiae
988 1424 1062 1468 ,vasa

110 1491 323 1568 consurgere,
347 1495 540 1572 pretiumque
560 1493 588 1551 in
610 1493 779 1552 alimoniam
802 1508 972 1570 pauperum
995 1507 1061 1549 ero·

111 1589 202 1648 gare,
226 1576 364 1653 exemplo
385 1575 438 1657 SS.
463 1574 637 1643 Ambrosii,
666 1574 849 1652 Augustini,
872 1575 1060 1647 aliorumque

110 1658 248 1715 veterum
269 1655 417 1727 Patrum,
440 1674 515 1732 quos
537 1663 674 1716 recenset
705 1657 864 1733 laudatque
887 1653 1059 1714 Thomassi-

110 1753 165 1796 nus
185 1734 275 1798 Parte
297 1735 339 1797 lll
365 1740 495 1807 Veteris,
519 1758 554 1798 oc
575 1736 675 1800 Nouae
697 1737 843 1802 Ecclesiae
859 1737 1061 1814 *Disciplinam

109 1816 176 1890 ¹Lib.
202 1817 247 1878 Ill
267 1817 346 1897 Cap,
363 1819 472 1882 XXVI
497 1823 529 1880 et
555 1837 638 1896 seqq.
663 1819 745 1882 Sane
766 1820 861 1880 refert
883 1817 1064 1880 Soaormms

112 1897 176 1958 Lib.
202 1899 245 1960 lV
267 1899 421 1965 Historiae
442 1901 681 1999 Ecclesiastieue,
694 1901 765 1982 Cap.
783 1899 891 1962 XXIV
912 1918 930 1961 a
952 1897 1063 1979 Cyrillo

109 1978 376 2068 Hierosolimitano
398 1983 546 2062 Episcopo
568 1983 736 2045 divenditus
757 1985 849 2046 luisse
881 1983 1062 2047 thesauros,

111 2067 200 2139 atqm
222 2082 323 2126 sacros
343 2071 468 2126 ornatus
490 2065 665 2136 Ecclesiae,
689 2083 750 2142 quo
771 2066 851 2142 plebi
872 2065 994 2126 adesset
1009 2079 1061 2123 an·
1110 2064 1112 2070 ’

109 2161 203 2231 ponae
225 2149 351 2225 penuria
372 2155 404 2212 et
425 2147 504 2209 lame
527 2146 686 2206 laboranti.
705 2146 751 2207 Ad
774 2147 991 2224 impetrandam
1013 2162 1063 2203 an·

110 2244 216 2287 nonam
240 2235 377 2306 tempore
392 2230 537 2308 penuriae
562 2227 716 2297 etiamis,
744 2233 825 2290 recte
846 2226 981 2289 Ecclesia
995 2241 1063 2305 pre-

110 2325 159 2368 ces
182 2310 311 2371 iustituit
336 2320 367 2374 et
390 2313 512 2387 quidem
528 2311 771 2388 poenitentiales..
783 2307 907 2373 Praeter
931 2307 1061 2368 Litanias

108 2393 139 2449 et
158 2389 268 2454 Preces
288 2397 426 2471 tempore
449 2394 592 2472 penuriae
612 2398 644 2454 et
657 2391 745 2452 samis
760 2409 796 2454 ex
813 2391 998 2470 praescripto
1013 2385 1061 2447 Ri-

110 2472 196 2533 tualis
210 2474 569 2545 dicendasconsuevis'se
591 2475 663 2534 olim
684 2475 722 2534 ad
737 2493 787 2536 eas
802 2473 978 2546 arertendas
991 2467 1058 2536 fieri

108 2570 124 2609 a
146 2551 234 2616 Clero
263 2561 294 2616 et
321 2556 437 2635 Populo
467 2555 696 2626 processiones,
722 2575 761 2618 ex
792 2559 883 2618 variis
903 2554 1063 2619 «Historiae

108 2631 338 2699 Ecclesiasticae
361 2639 507 2715 exemplis
529 2643 653 2705 constat,
678 2639 858 2715 easdemque
884 2635 1064 2717 praeseribit

108 2714 139 2774 S.
163 2715 291 2781 Carolus
312 2721 341 2779 iu
363 2713 496 2780 Concilio
518 2718 697 2781 Provinciali
725 2719 938 2782 Mediolanensi
959 2717 988 2776 V
1008 2714 1065 2778 Ga·

108 2797 168 2870 pite
201 2801 369 2879 inscripto:
404 2800 489 2877 Quae
520 2800 562 2860 od
589 2799 792 2862 Processioues
814 2804 980 2878 pertinent.
1011 2798 1062 2862 Bis

107 2886 207 2942 eutem
234 2884 264 2942 in
285 2900 388 2944 earum
412 2884 552 2962 precibus
579 2883 742 2944 dicendum
766 2883 1005 2960 praescribitur,
1028 2888 1063 2942 ut
1149 2944 1151 2948 ,

20 3001 26 3019 ,
106 2959 223 3036 [remus
243 2975 341 3024 terroe
363 2966 453 3033 dore,
477 2975 505 3026 et
527 2983 700 3025 conservare
724 2963 878 3042 dipueris,
902 2969 935 3024 nt
955 2981 991 3023 ea
1005 2961 1063 3022 sci,-

108 3042 176 3104 lieet
196 3047 422 3115 obsecratione,
445 3045 556 3108 Divina
575 3047 783 3120 misericordia
810 3047 948 3124 dignetur
976 3043 1062 3104 nobis

109 3123 224 3189 tructus
246 3133 343 3190 terrae.
363 3131 488 3206 largiri,
512 3134 543 3212 et
564 3145 745 3189 conservare
760 3171 771 3197 ,
792 3146 847 3204 pro
863 3143 991 3205 quorum
1014 3141 1063 3202 pe·

107 3209 191 3268 nuria
212 3210 290 3272 lacta
311 3218 363 3272 est·
380 3211 474 3272 tames
496 3213 526 3269 in
547 3209 670 3288 populo.
688 3209 759 3273 Post
780 3209 912 3272 Litanias
925 3225 962 3268 ex
978 3223 1061 3286 prae·

107 3289 216 3366 scripto
246 3290 374 3353 llitualis
406 3294 515 3353 dicitur
542 3291 654 3353 Oratio.
680 3292 837 3352 Dominica
869 3297 899 3352 et
925 3289 1062 3354 Psalmus

107 3367 197 3434 xxlt
218 3375 366 3435 Dominus
386 3377 464 3453 repit
485 3393 530 3434 ms
551 3383 605 3434 ete.
621 3371 729 3434 Oratio
750 3374 905 3434 Dominica
935 3388 1060 3442 consue

108 3455 151 3511 vit
171 3472 290 3532 semper
311 3456 368 3521 dici
391 3462 459 3517 ante
480 3454 703 3521 strumosos,
726 3455 872 3534 peculiari
900 3460 1001 3516 tanmn
1015 3470 1060 3514 ra·

108 3533 185 3598 tione
216 3539 325 3598 dieitur
358 3539 387 3597 iu
420 3536 640 3618 Supplicatione
672 3537 709 3598 ad
736 3537 944 3616 depellendam
967 3553 1063 3612 penu·

104 3617 178 3676 riam
199 3619 385 3689 etlamem3
409 3634 477 3682 nam
512 3621 588 3683 iuter
614 3617 688 3681 alias
720 3617 797 3698 ejus
815 3619 976 3697 petitiones
1010 3635 1063 3676 ro-
