2567 4042
449 178 667 252 widi&-

67 303 183 368 nentss
196 302 282 367 Fidei
304 321 378 368 suas
392 304 622 383 professionem.
639 303 726 366 Ritus
746 305 827 365 euim
843 310 1038 382 pervetustus

66 385 154 458 ruit,
186 392 224 449 ut
244 389 327 448 salvo
348 387 570 465 Metropolitani
591 385 688 464 jure,
712 383 852 465 Episcopi
873 387 1039 448 secundum

67 475 200 547 tempus
222 469 417 531 ordinationis
438 485 511 530 suae
533 471 562 529 in
577 467 717 531 Consiliis
738 468 891 537 sederent,
909 466 1040 529 subscri-

67 550 257 627 terensque,
285 550 416 613 utiiuse
438 550 623 632 demonstrat
644 549 866 612 eruditissimus
885 548 1039 621 Catalano,

66 632 172 694 Turno
196 632 212 694 1
232 631 435 695 Consiliorum
458 633 488 692 iu
509 632 748 710 Prolsgomanis.
1008 642 1010 645 ·

456 791 585 858 CAPUT
606 793 660 857 tv.

330 975 375 1020 DE
397 973 615 1020 ottmrtt'rtotffl
638 970 792 1020 aristosi.
850 983 860 1004 Ι

112 1119 145 1182 1.
172 1118 323 1192 Quamvis
342 1118 391 1180 alii
406 1117 567 1182 inierioras
582 1119 713 1182 Ordines
731 1119 851 1184 nonnisi
864 1119 955 1180 certis
971 1118 1040 1178 anni

69 1203 270 1280 temporibus
303 1219 341 1262 ex
370 1202 558 1279 praescripto
581 1202 779 1264 Summarum
800 1199 980 1263 Pontificum
1003 1217 1038 1259 ac

65 1282 244 1346 Sacrorum
259 1281 415 1344 Canonum
438 1282 570 1345 couierri
591 1284 732 1350 debeant,
749 1283 915 1360 Episcopus
937 1288 1038 1342 umen

66 1366 141 1444 jam
159 1365 212 1424 sel
234 1364 305 1425 olim
320 1365 457 1428 Ecclesia
471 1365 576 1426 Latina
592 1382 771 1426 consecrare
788 1362 952 1431 Dominicis
966 1381 1039 1422 cun-

69 1449 134 1508 ctis
159 1446 267 1506 diebus
281 1448 447 1509 consuevit.
470 1446 561 1510 Certe
583 1448 613 1506 in
637 1448 726 1507 tertia
740 1445 970 1520 Carthaginensi
983 1442 1041 1521 Sp-

69 1529 172 1599 nodo,
189 1527 294 1590 habita
315 1545 394 1588 anno
410 1523 608 1596 CCCXCVll,
623 1527 744 1588 Canone
759 1525 917 1594 XXXlX,
932 1526 975 1586 ita
997 1525 1041 1586 lo-

68 1617 188 1672 cutum
204 1609 297 1672 inissa
312 1611 441 1686 legimus
453 1609 614 1672 Aurelium
629 1609 898 1686 Carthaginensem
913 1606 1041 1668 Archis-

71 1693 265 1770 piscopum:
290 1689 328 1752 lu
348 1693 404 1752 hae
426 1689 584 1759 Ecclesia,
609 1690 650 1751 ud
672 1710 764 1771 pum
786 1690 912 1769 dpuutu
935 1697 977 1750 cst
995 1706 1040 1750 os·

70 1783 145 1835 stra
167 1773 312 1834 mussitas
334 1773 500 1842 souusuirs,
526 1773 644 1840 crebro,
662 1789 792 1850 suptus
809 1791 867 1852 prr
888 1771 968 1831 diem
980 1767 1043 1830 Iiu-

70 1855 231 1916 minirum
250 1850 445 1914 Ordiusudos
465 1854 605 1915 hahemus
619 1852 792 1932 Episcopus.
810 1853 868 1915 Sed
889 1858 921 1914 et
941 1853 1044 1929 vulga·

73 1942 127 2000 tus
153 1935 304 1996 Alcuinus
337 1935 374 1996 da
404 1933 518 1998 diuisis
544 1933 571 1996 0
601 1936 680 2006 aiis,
709 1938 741 1995 in
769 1953 805 1996 so
832 1936 931 2011 eapite
960 1933 1041 2010 quod

71 2017 247 2093 inscripsit:
264 2017 426 2078 Sabbatum
448 2015 478 2075 in
494 2015 557 2078 xli
613 2018 768 2082 alicuibus,
792 2016 932 2096 eiusdem
953 2017 1042 2076 disci·

72 2099 181 2178 plinae
205 2098 440 2160 ordinandorum
463 2097 684 2177 Episcoporurn
712 2099 760 2160 dis
782 2098 940 2158 Dominica
962 2098 1041 2157 hanc

72 2182 234 2242 rationem
257 2181 397 2258 assignat:
422 2177 560 2262 Episcopi
582 2184 789 2249 consecratio,
815 2183 868 2258 pui
889 2189 930 2239 est
951 2179 1044 2242 ¹Visu-

71 2264 146 2322 ra'us
163 2259 385 2342 Apostolorum,
402 2263 465 2320 imo
489 2272 515 2322 st
535 2263 660 2333 Christi,
678 2262 712 2342 fit
731 2263 766 2321 iu
780 2263 951 2328 Dominicis,
969 2262 1044 2340 quia

73 2343 184 2404 codam
208 2342 257 2404 dis
274 2362 334 2422 per
354 2341 467 2404 dorsum
493 2341 625 2424 Spiritus
646 2343 752 2406 sanast
765 2345 913 2406 Dominus
935 2341 1043 2422 dipsa·

74 2431 127 2486 tus
161 2434 208 2486 ast
235 2425 391 2486 illustrare
421 2425 514 2486 corda
535 2424 754 2504 Apostolorum.
783 2425 885 2487 sudis
918 2425 1041 2485 demum

75 2507 226 2568 ridentur
248 2507 312 2566 dies
326 2505 438 2576 lustri,
455 2506 568 2584 quihus
584 2508 687 2584 populi
701 2512 868 2568 conventus
882 2505 1042 2569 commode

75 2586 148 2650 fieri
164 2593 278 2665 posset,
296 2605 389 2665 quem
411 2589 448 2648 ad
463 2585 686 2663 Episcoporum
701 2589 958 2651 consecrationem
971 2606 1042 2648 oon·

76 2671 188 2731 venire
212 2685 383 2748 congruum
405 2675 462 2730 est.
480 2668 544 2730 Etsi
565 2686 640 2730 vero
663 2669 754 2732 hodie
770 2670 952 2748 regulariter
966 2669 1043 2748 Epi·

76 2769 248 2831 scoparum
268 2750 481 2812 Ordinationes
503 2769 590 2812 ruane
614 2750 673 2812 diei
687 2751 864 2814 Dominicae
888 2752 1043 2812 celebren-

78 2838 145 2902 tur,
171 2837 287 2894 constat
309 2837 422 2903 umen,
439 2849 491 2894 eas
513 2833 585 2894 olirn
608 2839 697 2895 noete
713 2832 847 2903 sabbati,
871 2841 925 2895 aut
938 2834 1043 2895 Domi·

79 2919 153 2976 nica
175 2931 298 2976 summo
320 2929 421 2985 nune,
445 2920 660 2992 perseverante
681 2915 782 2977 adhuc
803 2913 939 2992 jejunio,
963 2915 1043 2976 cels-

79 2996 188 3058 hratas
210 2995 316 3065 luisse,
341 3003 409 3072 post
429 2995 595 3059 secundum
618 2999 733 3058 seilicet
753 2995 971 3058 Matutinarum
993 3013 1042 3056 uu·

80 3085 255 3148 cturnnm,
279 3077 324 3138 uti
345 3077 528 3140 addiscimus
550 3095 589 3138 ex
611 3081 735 3156 antiquo
758 3075 895 3138 Romano
916 3075 1040 3137 Ordine.
1080 3073 1085 3080 ’

81 3157 175 3222 Certe
196 3157 229 3219 S.
248 3155 411 3221 'Cornelius
433 3157 514 3237 Papa
535 3160 614 3236 apud
637 3158 807 3222 Eusebium
829 3158 895 3220 Lib.
920 3157 963 3218 Vl
985 3155 1042 3218 ffi-

81 3241 208 3307 rtorius,
231 3237 305 3317 Cap.
329 3237 443 3311 xiiii,
467 3258 613 3302 enarrans
634 3241 832 3318 irregularem
855 3238 965 3301 Novati
986 3238 1044 3301 Or·

83 3320 296 3391 dimicasse,
320 3339 391 3382 eum
412 3323 489 3384 horu
509 3321 629 3383 diuma
648 3328 858 3385 consecratum
879 3323 974 3383 luisse
996 3339 1043 3381 as·

82 3406 171 3466 serit.
194 3401 262 3463 lam
284 3419 357 3476 pero
379 3415 511 3480 quanam
526 3403 636 3466 Missae
658 3408 744 3482 parte
758 3408 955 3483 perageretur
971 3400 1044 3480 Epi-

83 3497 249 3563 ssoporum
270 3483 453 3555 Ordinatio,
477 3503 538 3548 non
559 3487 750 3548 consentiunt
776 3485 861 3547 Libri
880 3482 1042 3547 Pontifica-

88 3567 145 3630 les.
167 3563 239 3630 Fuit
261 3571 363 3630 tamen
385 3568 527 3645 antiquus
546 3585 623 3637 mos,
647 3573 681 3630 ut
701 3567 869 3646 Episcopus
891 3581 977 3628 sacra
997 3563 1041 3624 ia·
