2567 4042
577 172 636 231 w
652 162 713 222 216
734 171 793 232 ms·

584 333 711 396 CAPUT
734 331 787 396 lV.

207 484 317 537 QUIBUS
341 483 401 526 NON
424 483 537 528 utem
561 485 647 528 naut:
663 483 925 544 uccussstasrtctm
941 483 1167 528 surutruutm.
1278 475 1279 478 Ἴ

250 610 274 672 l.
297 608 508 689 Ecclesiastica
536 611 712 689 sepultura,
748 616 897 690 quatenus
927 609 993 673 loco
1025 628 1111 672 sacro
1133 619 1169 676 ct

201 693 345 769 exequiis
366 698 505 761 constat,
529 711 599 770 pars
620 700 668 754 est
689 694 908 754 ecclesiasticae
930 693 1167 761 communionis,

208 776 320 850 inqua
341 774 473 836 defuncti
495 776 700 837 decesserunt.
725 772 843 838 Etenim
867 775 918 851 qui
940 775 1002 834 vivi
1022 792 1092 836 cum
1107 771 1165 834 Ec·
1252 798 1256 803 -

208 855 302 931 clesia
323 857 609 926 communicabant,
633 858 725 917 etiam
748 856 860 918 mortui
889 855 918 916 in
950 856 1169 922 communione

208 945 415 1015 perseverant.
431 936 499 1008 Quo
521 939 594 999 illud
618 937 649 998 S.
677 939 786 999 Leonis
799 937 902 1015 Magni
914 942 1029 1014 spectat
1050 938 1079 996 in
1096 935 1168 1017 upt-

208 1019 284 1077 stolo
305 1016 391 1078 xctt
413 1017 450 1078 ad
472 1020 654 1080 Rusticum:
683 1019 797 1095 Quibus
818 1020 983 1082 uiuentibus
1004 1037 1063 1078 non
1085 1035 1168 1078 com·

202 1099 434 1167 monicaaimua,
449 1103 576 1162 mortuis
598 1102 816 1164 communicare
838 1119 897 1160 oon
908 1119 1071 1178 posumus.
1086 1097 1170 1161 Sanc

208 1181 322 1240 mortui
343 1182 440 1242 cereis
460 1185 604 1252 accensis,
628 1188 661 1243 et
682 1184 808 1243 solemni
832 1181 996 1260 psalmodia
1018 1183 1047 1240 in
1062 1180 1168 1242 Eccle-

208 1263 283 1322 siam
305 1263 551 1325 deducebantur:
575 1265 643 1325 inde
664 1281 769 1324 eorum
793 1264 912 1324 nomine
933 1264 970 1322 ad
985 1263 1090 1326 Altare
1111 1260 1168 1324 lie·

209 1345 281 1403 bant
301 1344 491 1412 oblationes,
515 1347 693 1406 corumdem
715 1363 835 1424 quoque
857 1345 979 1406 nomina
1007 1345 1036 1404 in
1057 1343 1170 1406 Altarc

206 1425 246 1486 de
267 1442 353 1485 more
374 1427 510 1495 recitata,
527 1432 558 1487 et
578 1429 608 1486 in
623 1425 778 1488 Sacrificio
800 1427 969 1505 peculiares
989 1443 1094 1504 preces
1109 1442 1167 1504 pro

201 1506 351 1568 defuncto
372 1506 479 1569 iactae.
503 1508 632 1570 Interest
660 1509 740 1571 enim
763 1506 897 1570 fidelium
925 1508 955 1566 in
976 1507 1048 1569 locis
1068 1507 1166 1570 sacris

208 1596 240 1649 et
268 1589 415 1667 religiosis
437 1589 584 1668 sepeliri,
609 1607 679 1651 cum
702 1591 817 1667 prosint
830 1589 986 1650 defunctis
1007 1605 1115 1667 preces
1133 1589 1170 1651 in

209 1671 468 1731 Coemeteriornm
491 1673 699 1742 benedictione
726 1671 764 1731 ad
788 1669 888 1732 Deum
914 1669 1024 1740 lusae,
1053 1670 1169 1748 quibus

209 1748 345 1812 Ecclesia
368 1750 506 1812 fidelibus
533 1753 575 1813 ibi
603 1753 780 1832 sepeliendis
801 1756 996 1830 peccatorum
1018 1751 1169 1812 remissio-

209 1849 278 1892 nem
301 1839 332 1893 et
353 1851 436 1910 spem
461 1834 564 1896 beatae
587 1833 815 1896 resurrectionis
837 1835 1026 1914 adprecatur.
1048 1832 1165 1906 Quum,
1278 1873 1279 1880 .

208 1914 278 1992 jure
299 1915 452 1976 communi
475 1917 623 1994 iuspecto,
647 1915 774 1976 Parocbi
797 1916 856 1975 sini
877 1915 1109 1992 Sepulturarum
1129 1931 1168 1974 ac

209 1993 402 2058 Funeralium
425 2000 680 2074 parochianorum
703 2015 827 2059 suorum
850 1997 991 2057 ordinarii
1013 1995 1166 2062 ministri,

209 2079 253 2139 uti
275 2080 386 2154 passim
402 2076 580 2142 Canouistae
594 2081 724 2150 docent,
749 2079 819 2142 binc
842 2078 950 2139 merito
965 2075 1087 2138 Rituelo
1110 2093 1164 2136 uo·

210 2166 306 2222 atrurn
333 2159 528 2231 Romanum,
551 2163 629 2222 sicut
650 2164 681 2221 et
702 2161 761 2220 alia
784 2161 939 2222 variarum
962 2157 1169 2239 Ecclesiarum

209 2241 353 2312 latrantia,
377 2249 468 2319 atquc
489 2242 706 2320 Episcoporum
727 2241 871 2310 Concilia,
894 2241 945 2302 ubi
967 2241 1004 2302 de
1027 2239 1168 2319 Sepultu-

208 2326 250 2384 ris
272 2340 306 2381 ac
328 2322 528 2384 Funeralibus
548 2330 652 2402 agunt,
676 2325 712 2384 ad
735 2324 813 2384 solos
835 2323 899 2384 lere
913 2321 1077 2392 Parochos‚
1101 2325 1169 2383 iuu-

210 2422 301 2482 quam
318 2407 470 2466 ministros
484 2405 660 2474 ordinarios,
676 2424 731 2468 sua
746 2405 875 2466 Decreta
891 2405 1034 2480 dirigunt,
1049 2410 1174 2478 eosque

210 2490 333 2545 monent
351 2494 384 2548 et
406 2487 575 2557 instituunt,
594 2487 663 2562 quid
686 2505 788 2564 agere,
801 2493 832 2548 et
853 2486 925 2564 quid
940 2503 1050 2547 cavero
1070 2484 1101 2566 jn
1117 2482 1167 2543 bis

210 2569 350 2628 debeant.
471 2612 474 2619 .
1037 2590 1038 2595 ’

249 2647 502 2710 ll.Ecclesiastiea
514 2651 617 2728 itaque
626 2650 781 2726 sepultura
794 2650 958 2725 privantur:
968 2646 1070 2708 Primo
1090 2643 1170 2706 Gen·

209 2730 276 2792 tiles
298 2737 328 2791 ct
341 2730 461 2801 ludaei,
485 2733 535 2810 qui
557 2737 645 2792 extra
661 2731 825 2792 Ecclesiam
847 2735 927 2793 sunt.
943 2728 1019 2790 Cum
1041 2729 1168 2790 bisunu

209 2814 351 2874 tumulari
372 2814 557 2877 horruerunt
577 2811 708 2890 majores
724 2812 828 2874 nostri.
849 2809 986 2872 Hilarius
1001 2807 1169 2873 Pictavien-

209 2895 249 2954 sis
275 2896 304 2954 in
325 2894 514 2956 Matthaeum
535 2896 608 2972 Cap.
633 2893 706 2955 VlIl
727 2892 879 2954 Christum
908 2893 1069 2954 admonere
1092 2891 1170 2954 scri·

210 2976 341 3044 bit‚n0n
362 2975 525 3036 admisceri
545 2977 693 3037 memoriis
708 2973 886 3035 Sanctorum
908 2984 1040 3034 mortuos
1059 2972 1171 3054 infido·

209 3057 438 3134 lra,·additt1ue
459 3057 594 3118 infideles
615 3060 707 3120 etiam
731 3075 782 3118 eos
803 3073 869 3118 osse
892 3057 944 3134 qui
967 3053 1165 3116 emtraDeom

209 3141 320 3208 mount,
338 3140 396 3200 boc
417 3146 464 3200 est
485 3140 638 3216 improbos
652 3138 852 3200 Christianos.
870 3137 1006 3198 &cundo
1034 3136 1168 3198 lnlantes

210 3222 274 3282 sine
296 3223 445 3297 baptismo
466 3223 605 3292 mortui,
634 3223 726 3282 etiam
754 3219 909 3299 sepultura
932 3218 1095 3280 christiana
1116 3233 1170 3280 ua·

209 3310 288 3364 rent.
320 3304 422 3364 Tertio
443 3301 597 3364 Haeretici
619 3321 677 3363 nou
700 3302 832 3381 gaudent
853 3300 1008 3378 privilegio
1030 3299 1166 3378 sepultu-

211 3401 264 3445 rae
286 3387 533 3452 ecclesiaaticac.
563 3391 596 3447 et
616 3385 718 3446 uariae
745 3401 859 3461 poenae
886 3388 1038 3462 ponuntur
1060 3386 1165 3444 contra

211 3467 314 3528 dantes
335 3466 379 3527 eis
401 3467 588 3543 sepulturam
609 3466 867 3537 ecclesiasticam,
890 3470 921 3526 et
943 3465 1007 3544 ipsa
1028 3463 1167 3525 Ecclesia

209 3547 450 3624 manetpolluta
472 3564 627 3624 quousque
649 3547 769 3608 illorum
791 3563 918 3624 corpora
947 3548 983 3608 ab
1004 3563 1040 3610 ea
1062 3545 1166 3624 expel-

211 3630 334 3697 lantur.
359 3634 390 3691 et
411 3628 634 3690 reconcilietur.
666 3626 789 3689 Praeter
810 3626 1017 3702 ,Haereticos,
1041 3629 1167 3696 veniunt
