2567 4042
614 199 841 273 mliii&-

246 328 342 388 tlara.
370 325 460 407 Aaou
482 325 648 397 benedicta,
672 348 709 388 ae
731 328 897 400 daemones,
916 332 970 410 qai
991 331 1120 393 moltam
1141 324 1200 391 eom

245 411 378 476 timeat,
404 408 445 467 od
466 428 571 490 corpas
592 410 748 471 accedam.
776 408 876 471 Solent
902 412 1198 491 mamque·²desaeolre

247 491 283 550 iu
311 508 436 569 corpora
457 502 660 553 mortuoram.
688 489 766 552 Tlos
788 512 859 565 uero
883 494 926 554 idi
941 495 1068 575 ponitur
1100 506 1134 555 at
1157 492 1200 554 dt-

247 570 368 649 fuactm
385 573 525 637 Creatori
538 592 591 634 suo
606 573 815 654 acceptabilem
831 576 978 636 bonorum
1000 592 1125 654 operum
1141 574 1199 636 odo·

248 671 312 712 reru
333 655 522 732 iutelliqator
542 656 676 715 obtulisse
695 675 705 725 ,·
726 674 778 715 eea
800 656 841 715 ad
860 656 1100 726 ostendendam,
1126 658 1198 738 quod

248 733 399 814 defunctis
418 739 514 816 prosit
534 738 692 797 caecilium
713 738 873 799 orationis.

248 852 252 858 ·
289 818 329 877 V.
360 815 477 878 Causae
509 824 612 879 autem
635 816 702 896 ejus
724 818 943 881 Benedictionis
975 819 1080 881 afferri
1102 822 1198 881 variae

250 905 387 976 possunt.
417 896 520 959 Prima
553 900 603 960 illa
631 917 698 961 esse
726 908 848 979 potest,
876 907 911 963 ut
937 901 1019 965 inde.
1039 900 1197 963 interorum

247 987 383 1041 monstra
404 981 582 1059 abigantur,
607 999 736 1058 quornm
759 1000 848 1062 saepe
872 986 902 1043 in
924 984 1127 1045 monumentis
1155 984 1198 1043 do-

248 1062 394 1123 micilium
417 1070 474 1133 est3
492 1070 526 1123 ut
547 1062 762 1125 disertissimus
779 1067 915 1127 omnium
930 1063 1055 1127 Petrum
1072 1064 1197 1125 S.·loan-

249 1162 304 1205 nes
330 1141 567 1221 chrysostomus
600 1146 708 1207 asserit
729 1146 759 1205 in
781 1146 917 1207 Humilia
939 1144 1059 1208 XXXV
1078 1147 1108 1205 in
1131 1146 1198 1207 llat-

249 1227 375 1286 tlsaeum
398 1225 472 1303 cap.
495 1225 570 1287 Vlll
592 1228 646 1287 ubi
667 1228 710 1288 sic
733 1228 850 1304 inquit:
876 1228 955 1291 Cam
977 1230 1102 1291 aedisset
1123 1224 1199 1290 lesus

217 1360 223 1370 ,
247 1298 464 1386 transfretum
484 1310 520 1368 ia
535 1309 687 1389 reoioacm
712 1307 942 1380 Gerasenorum,
960 1320 1159 1371 occorreraat
1173 1312 1201 1371 ‘ci

249 1390 309 1451 duo
329 1390 465 1451 lubenter
487 1389 646 1450 daemonio
669 1389 704 1449 de
726 1392 924 1467 monumentis
947 1402 1107 1461 recenter,
1129 1395 1200 1452 sarai

248 1473 352 1541 nimie,
375 1472 420 1531 ile
442 1482 479 1532 ot
498 1490 584 1531 nemo
599 1483 698 1551 posset
720 1474 853 1534 transire
871 1490 929 1552 per
947 1473 1030 1533 uiam
1051 1473 1146 1534 illam.
1164 1474 1202 1533 m

249 1571 324 1615 aero
345 1572 403 1612 non
426 1556 524 1614 solum
547 1559 672 1631 propter
695 1552 771 1615 hanc
794 1572 915 1615 causam
950 1554 1010 1614 dici
1036 1558 1136 1631 potest
1155 1556 1202 1615 du-

250 1636 424 1695 tunctorum
447 1634 635 1696 coemeteria
659 1637 753 1696 sacris
775 1635 971 1695 caeremoniis
993 1637 1133 1714 expiari,
1155 1653 1202 1698 ve·

253 1734 323 1777 rum
346 1717 451 1783 etiam,
476 1717 662 1776 ululaturos
684 1717 925 1787 admoneantur,
949 1734 1001 1777 eos
1023 1718 1074 1793 qui
1097 1719 1125 1776 iu
1147 1718 1201 1779 illis

249 1797 363 1857 conditi
384 1803 479 1861 sunt,
504 1798 533 1858 in
555 1795 762 1876 Fidesshristi
784 1797 856 1878 lesu
880 1799 956 1859 lucis
985 1798 1062 1860 hanc
1085 1814 1201 1861 usuram

251 1878 440 1947 reddidisse,
464 1886 498 1941 ut
517 1880 592 1940 scite
614 1879 693 1940 inter
715 1881 790 1940 alios
805 1880 974 1958 Scriptores
996 1881 1084 1941 docet
1099 1880 1200 1942 Petrus
1262 1910 1263 1913 ¹

250 1958 1200 2043 CotonusiusuaCatholicalmtitotiooelib.llCup.XLVlll.
1262 1932 1263 1994 l

253 2040 343 2104 Sicut
355 2040 492 2103 Ecclesia
508 2060 596 2103 mane
610 2042 808 2113 benedicitur,
824 2044 867 2104 ita
887 2060 1007 2120 quoque
1020 2062 1109 2106 mune
1120 2046 1203 2107 bene·

251 2122 411 2185 dicendum
426 2128 472 2186 est
485 2130 519 2186 et
528 2123 766 2195 coemeterium,
782 2124 863 2203 quod
885 2126 1084 2187 accessorium
1103 2127 1201 2188 Eccle-

252 2205 315 2269 siae
336 2212 538 2285 nuncupatur.
577 2213 579 2218 '
1210 2229 1215 2241 ·
1261 2240 1262 2265 l

626 2331 821 2434 usauu‘v.
1261 2286 1262 2342 Ν

201 2511 213 2540 t
268 2539 272 2547 ,
310 2492 353 2535 DE
375 2489 545 2536 BCCLESIAE
567 2492 608 2536 ET
630 2490 828 2538 COEMETERH
850 2488 1146 2537 RECONCIHATIONE·
1177 2458 1180 2465 Ι

297 2614 323 2676 l.
347 2614 516 2678 Ecclesiam
539 2618 633 2678 semel
655 2617 780 2678 solemni
803 2618 864 2677 ritu
883 2621 1087 2678 consecratam
1110 2616 1203 2704 denuo
1260 2616 1261 2692 l

256 2700 430 2761 consecrari
464 2716 657 2777 non‘posse,
682 2716 872 2776 quocumque
894 2698 984 2759 itiam
1012 2698 1131 2759 enormi
1154 2712 1205 2756 cu-

254 2781 336 2841 mine
358 2780 595 2857 pollutamseu
618 2781 829 2859 profanatum,
852 2780 1046 2841 mauiiestum
1068 2786 1136 2849 est,
1159 2777 1204 2837 do·

254 2868 383 2939 centone
406 2862 435 2922 id
457 2863 534 2924 sacri
550 2861 687 2923 Curiones
703 2868 733 2924 et
753 2862 858 2924 Bullae
872 2861 1075 2923 Maximorum
1092 2854 1203 2921 Pontii·
1259 2904 1260 2943 ,

254 2960 336 3005 cnm.
353 2943 472 3006 Dicitur
493 2944 614 3021 qnidam
631 2944 819 3005 reconciliari
834 2941 981 3011 Ecclesia,
1006 2960 1076 3003 cum
1095 2943 1201 3004 scelere

254 3026 356 3104 aliquo
378 3026 489 3087 violata
522 3026 699 3103 adpellata
732 3032 788 3087 est.
812 3024 919 3103 ltaque
946 3027 1025 3087 sicut
1047 3022 1201 3101 Templum

252 3107 422 3185 spirituale,
439 3108 519 3185 quod
542 3113 589 3170 est
602 3104 803 3177 Christianus,
820 3126 873 3186 per
888 3108 1005 3169 crimen
1020 3105 1202 3195 profanatum

250 3198 314 3249 non
337 3194 436 3266 potest
456 3190 578 3265 quidem
601 3208 656 3266 per
671 3190 859 3267 Baptismnm
881 3188 993 3251 iterum
1018 3196 1201 3251 consecrari,
1258 3200 1259 3221 ³

252 3269 307 3331 sed
330 3276 448 3330 uatum
471 3272 660 3333 reconciliari
683 3271 774 3333 debet
796 3288 853 3359 per
872 3288 965 3347 aquas
987 3270 1200 3347 poenitentiae,

255 3350 300 3412 uti
324 3350 491 3429 loquuntur
505 3350 663 3425 Doctores,
680 3354 722 3413 ita
745 3358 776 3413 et
791 3352 957 3431 Templum·
973 3352 1130 3413 materiale
1144 3361 1203 3427 pro·

254 3431 418 3502 lanatum,
442 3449 496 3494 acu
527 3434 673 3495 violatum
697 3450 754 3493 non
777 3434 899 3511 uiridem
921 3434 1047 3496 solemni
1071 3435 1130 3495 ritu
1160 3443 1202 3488 re·
1257 3488 1258 3511 χ

256 3512 493 3593 consecrandum
516 3522 585 3585 est,
607 3514 660 3577 'sed
682 3520 801 3576 tantum
822 3517 1089 3585 reconciliandum,
1114 3514 1200 3601 iisque

257 3594 510 3658 reconciliationis
531 3597 649 3664 ritibus,
672 3598 941 3674 qni-coeremoniis
963 3595 1201 3660 reconciliationis
