2567 4042
466 182 526 244 ἢ)
549 171 608 234 355
629 181 691 244 se·

99 300 312 374 extravagante
333 298 443 369 Bulla,
468 319 544 378 quae
567 301 682 376 incipit:
708 299 910 381 Unigenitus,
934 304 984 364 ubi
1006 305 1051 364 di-

99 383 179 438 serte
201 380 253 447 ait,
278 379 432 442 Christum
455 382 711 460 superabundanti
726 384 864 444 Passione
886 389 940 446 sua
957 385 1049 446 intini-

99 466 162 520 tum
186 460 363 523 thesaurum
385 461 538 525 Ecclesiae
561 465 701 525 militanti
724 466 892 543 reliquisse.

361 626 363 634 ¹
454 625 580 688 cneus
602 627 703 689 xvu.
817 586 872 678 s

102 801 144 845 DE
159 803 276 848 ORDINE
292 805 573 876 commhuunrrouls
585 811 706 855 hlt'lhiAE
716 810 758 852 ΕΤ
769 810 812 852 DE
823 809 1051 854 EXPIRATth'E.

143 949 168 1010 1.
193 949 292 1028 Magni
315 956 481 1021 momenti,
506 957 582 1016 unde
608 955 782 1036 (ll-pendet
802 959 985 1025 aeternitas,
1009 961 1056 1016 est

103 1033 202 1091 exitus
227 1037 396 1094 animarum
420 1035 457 1095 de
479 1037 540 1096 suis
564 1041 763 1116 corporibus,
793 1045 824 1098 et
851 1039 917 1100 ideo
939 1036 1054 1098 uuicui-

103 1131 164 1190 que
180 1113 344 1186 Sacerdoti,
363 1118 472 1177 nedum
490 1116 637 1187 Parocho,
655 1122 743 1180 datur
757 1119 881 1180 facultas
904 1137 1056 1179 commen·

90 1195 405 1259 -dandianimasDeo
426 1201 455 1259 in
479 1200 551 1259 hora
569 1205 675 1262 mortis
696 1209 728 1262 et
744 1205 779 1261 in
802 1202 975 1263 earumdem
993 1200 1055 1258 ani-

104 1295 222 1338 marum
246 1281 382 1349 transitu,
398 1288 432 1340 ut
453 1283 526 1342 scite
548 1283 688 1345 observat
703 1284 856 1344 Gavantus
879 1287 909 1343 in
931 1281 1056 1341 Beccia-

104 1361 188 1420 re'um
202 1359 374 1422 Remanent
393 1360 525 1422 Sectionc
539 1363 590 1423 ΙΧ
603 1365 680 1443 Cep.
701 1367 734 1427 V.
753 1367 785 1425 lu
802 1367 911 1425 llituali
928 1362 1011 1423 Pauli
1028 1359 1055 1420 V

102 1445 319 1517 praescribitur
347 1445 569 1504 commendanti
591 1449 745 1516 animam,
771 1454 803 1507 ut
825 1448 929 1506 induat
950 1461 1056 1522 super-

102 1523 261 1600 pelliceum
285 1532 316 1586 et
336 1527 442 1586 stolam
457 1527 633 1600 violaceam,
651 1536 791 1608 aspergat
806 1530 905 1588 locum
922 1533 952 1585 et
972 1523 1055 1584 insu·

103 1623 187 1664 mum
211 1626 287 1684 equa
305 1607 477 1676 benedicta,
491 1608 603 1670 dicens:
620 1609 764 1690 diperges
783 1630 840 1679 me,
859 1619 915 1669 etc.
939 1609 1055 1668 etima·

10 1733 11 1740 ,
103 1687 204 1764 ginem
226 1689 369 1750 Crucilixi
386 1699 508 1768 aegroto
525 1693 623 1751 tradat
637 1693 842 1753 osculandam.
861 1691 948 1751 lubet
962 1691 1055 1750 etiarn

10 1819 11 1854 ξ
103 1784 223 1831 ceream
239 1772 391 1832 candelam
415 1774 443 1832 in
459 1775 724 1835 commendatione.
739 1777 855 1835 animae
876 1773 1009 1844 accendi,
1026 1778 1058 1831 et

10 1903 11 1936 ᾖ
102 1869 118 1910 a
136 1856 295 1919 moriente,
309 1855 332 1914 si
351 1857 578 1929 potcst‚tene1·i‚
597 1857 668 1916 dum
685 1858 831 1918 Sacerdos
846 1874 915 1914 curn
931 1856 1056 1914 circnm-

10 1983 12 2008 s
103 1935 259 2005 stantibus
273 1936 358 1997 flexis
374 1937 510 2012 genibus,
522 1937 674 1997 breviores
691 1938 820 1998 Litaniae
836 1937 987 1997 recitatio
1004 1953 1055 1994 no-

10 2011 12 2088 3
103 2020 166 2075 stro
188 2016 297 2078 Rituali
321 2019 532 2094 praescriptas:
550 2020 738 2095 quiquidem
761 2018 987 2095 antiquissimus
1009 2021 1055 2076 est

10 2091 12 2104 ’
102 2084 255 2160 Ecclesiae
272 2102 358 2170 ritus,
373 2118 463 2175 quem
480 2101 619 2162 omittere
635 2102 805 2163 nullatenus
821 2102 916 2162 decet,
930 2096 1056 2175 ejusque

10 2232 12 2270 Ι
102 2183 218 2240 mentio
240 2180 273 2242 frt
295 2181 544 2243 inTestamento
561 2182 592 2241 S.
616 2181 751 2260 Ephrem
774 2183 865 2260 Syri,
901 2183 952 2254 qui
982 2179 1055 2239 obiit

10 2297 12 2350 ὲ
102 2279 179 2324 anuo
202 2263 310 2324 Christi
334 2261 567 2344 CCCLXXVlll
590 2261 663 2342 Cap.
688 2265 743 2325 lll.
773 2264 838 2324 lsta·
860 2261 983 2322 candela
1005 2262 1057 2321 de-

10 2395 12 2426 r
100 2345 153 2404 bet
175 2363 241 2408 esse
257 2347 436 2414 benedicta,
461 2353 551 2422 atque
573 2346 611 2404 ad
627 2347 701 2416 hoc,
725 2354 760 2407 ut
783 2346 945 2421 plurimum
962 2342 1057 2419 pith-

10 2429 11 2433 ’
101 2427 184 2488 deles
207 2433 332 2488 utuntur
361 2429 484 2488 candela
506 2428 661 2489 benedicta
690 2431 717 2487 in
741 2429 788 2487 die
811 2424 1054 2492 Purificationis‚

100 2519 153 2574 aut
165 2513 322 2573 benedicta
339 2527 408 2570 cum
424 2509 629 2570 benedictione
645 2508 763 2571 Rosarii
779 2500 975 2569 Beatissimae
990 2505 1058 2565 Vir·

102 2599 191 2674 ginis.
223 2593 452 2654 Commendatio
480 2593 597 2651 animae
625 2589 660 2652 tit
687 2609 706 2650 a
737 2592 899 2652 Sacerdote
927 2589 1058 2655 stando,

10 2723 11 2732 .
101 2681 192 2740 unice
216 2695 289 2737 vero
310 2673 483 2752 genuflectit
504 2674 534 2732 in
555 2673 734 2734 iecitatione
756 2673 952 2734 Litaniarum.
988 2670 1063 2731 Bre-

10 2737 12 2828 ζ
100 2779 155 2822 ves
177 2757 368 2838 appellantur
390 2759 463 2817 istae
479 2755 613 2816 Litaniae
637 2754 674 2813 ad
691 2755 910 2816 distinctionem
932 2751 1063 2812 Litania-

10 2889 12 2910 .
101 2861 171 2904 rum
196 2839 357 2917 majorum.
374 2856 452 2915 quae
475 2845 540 2916 post
560 2835 696 2898 Psalmos
717 2834 943 2913 poenitentiales
965 2839 997 2894 et
1011 2833 1063 2892 ali·
1137 2829 1144 2843 ‘

10 2919 12 3010 ᾖ
102 2926 131 2985 bi
147 2923 327 2985 recitantur.
344 2919 553 2998 Respondetur
567 2921 677 2995 cuique
702 2919 853 2980 versiculo
879 2916 917 2975 ab
942 2914 1066 2975 adstan-
1104 2987 1108 2990 ,

10 3065 12 3075 ,
102 3008 198 3068 tibus:
228 3001 292 3063 Orc
308 3020 368 3082 pro
391 3021 434 3071 eo,
458 3020 512 3063 seu
534 2999 713 3060 intercedite
731 3017 789 3078 pro
811 3018 854 3067 co,
870 2999 944 3058 sive
967 2994 1064 3056 Pcrec
1165 3047 1170 3058 .

10 3145 12 3160 ,
95 3091 132 3148 ὀἱ
157 3087 309 3165 Domine,
332 3085 380 3144 vel
402 3081 510 3144 Libere
532 3100 599 3142 eum
622 3081 773 3152 Domine5
794 3082 862 3157 quia
885 3085 947 3140 tcta
963 3077 1065 3138 ‚oratio

11 3203 12 3206 =
104 3171 135 3228 in
157 3169 209 3230 illa
231 3168 389 3228 occasione
412 3165 447 3226 fit
468 3181 523 3244 pro
546 3169 670 3224 aeterna
691 3165 787 3224 salute
810 3161 978 3229 morientis,
1003 3177 1062 3219 non

10 3313 12 3324 .
105 3256 207 3311 autem
225 3267 280 3326 pro
297 3248 463 3324 orantibus.
487 3245 592 3322 ltaque
607 3246 748 3305 morituri
772 3245 828 3322 ipsi
850 3260 951 3322 perse
972 3243 1064 3319 ipsos,

105 3333 154 3392 vel
176 3349 237 3392 una
259 3347 330 3393 cum
353 3328 539 3390 adstantibus
558 3326 690 3387 Litaniae
712 3327 880 3386 recitabant
907 3323 1066 3384 canebant-

144 3515 180 3576 (1)
199 3512 345 3580 catalano,
364 3515 472 3570 ititccle
490 3517 644 3566 Romanum
662 3513 865 3566 commentariis
883 3511 1064 3571 illustratum,

10 3577 11 3584 '
111 3583 218 3637 Titulus
235 3589 267 3650 V,
285 3589 349 3656 Cap.
368 3588 415 3640 vu
434 3592 460 3637 et
478 3587 554 3638 Vlll.'

881 3667 895 3696 t·
