2567 4042
355 299 358 304 ,
476 217 699 298 affimat*

115 352 224 428 iniquit,
248 367 349 408 roccus
372 351 450 408 uatis
471 348 550 409 idom
576 346 805 412 Sacramentum
823 335 860 408 iu
882 351 974 431 specio
997 352 1069 411 Surs-

115 433 216 511 puinis
239 440 279 491 cst
301 428 546 492 ministrandum·
561 430 657 509 dipito
676 431 871 503 Sacerdotis,
897 434 969 511 quio
995 433 1071 491 tatas

114 515 303 574 naturaliter
325 531 428 591 supero
445 522 585 592 possunt.
609 513 693 572 Idem
716 514 896 589 praescribit
916 515 1071 589 nentiquam

69 630 73 637 ·
114 593 287 656 Pontificale
309 591 463 654 Ecclesiae
478 595 670 672 Apamiensis
691 595 720 652 in
743 593 843 672 Syria.
861 593 1070 656 Eumdem‘ri·
1094 667 1099 674 .

116 685 181 737 tum
204 679 233 740 in
263 674 388 737 Oriente
410 678 511 754 vigere
535 676 626 736 tradit
639 674 797 735 Abraham
819 674 1023 738 Enchelteusis
1043 677 1070 736 in

115 758 198 818 Notis
227 759 264 818 ad
287 758 433 818 Arabicas
459 757 595 835 Capones
622 755 746 818 Consilii
776 756 924 827 Nicaeni,
953 759 1005 818 ubi
1034 757 1071 817 de

115 839 205 900 modo
228 841 469 900 communicandi
492 840 658 916 baptizatos
673 839 803 900 infantes
825 843 867 900 sic
883 840 996 900 habet:
1020 840 1071 902 Sa·

116 921 219 982 cardos
239 920 387 998 insontem
411 923 699 988 communicaturus,
717 920 844 999 digitum
863 922 1071 1000 intinpitSau-

115 1006 228 1080 puina,
252 1014 279 1062 ct
300 1004 335 1063 r'n
356 1022 387 1062 oc
408 1005 492 1064 illins
513 1002 678 1081 stupendum
700 1003 847 1064 immittit.
872 1002 949 1065 Cum
971 1005 1072 1080 itaque

117 1101 224 1145 recens
245 1084 412 1160 baptizatis,
438 1087 484 1144 vel
507 1086 579 1162 ipsis
601 1084 762 1145 infantibus
784 1084 964 1146 Communia
985 1103 1072 1162 prae-

116 1168 182 1228 beri
206 1166 340 1230 soleret,
364 1166 434 1225 hinc
457 1168 566 1227 merito
589 1173 712 1226 cautum
736 1165 791 1226 luit
822 1169 954 1227 asaeris
975 1165 1071 1226 Cauo-

116 1248 206 1307 nibus
238 1253 270 1308 et
290 1265 307 1306 a
329 1246 498 1308 Ritualibus
520 1247 618 1306 Libris
640 1289 648 1314 ‚
671 1253 706 1308 ut
729 1266 786 1306 uon
809 1249 899 1307 modo
918 1269 935 1310 a
958 1250 1070 1329 jejunis

115 1327 272 1394 Ministris
290 1329 342 1388 sed
358 1329 449 1389 etiam
471 1328 583 1407 jejunis
598 1329 772 1404 Baptismus
786 1331 916 1391 conferri
932 1332 1068 1393 deberet.

158 1409 247 1471 XIV.
264 1408 388 1471 Praeter
401 1428 516 1470 sacram
532 1411 673 1486 Corporis
686 1416 716 1470 et
729 1410 887 1488 Sanguinis
898 1411 969 1473 lesu
984 1412 1071 1475 Chri·

5 1563 7 1568 ,
117 1495 155 1553 sti
178 1493 433 1564 communionem,
458 1492 530 1552 olim
552 1494 581 1552 in
597 1490 783 1552 Occidentati
804 1493 949 1562 Ecclesia,
973 1496 1073 1556 lac-et

116 1574 178 1636 mel
202 1573 369 1652 Neopbptis
391 1575 612 1651 porrigebatur.
637 1573 734 1635 Testis
756 1580 803 1637 est
824 1575 890 1654 ejus
912 1579 988 1636 ritus
1010 1593 1069 1636 uon

116 1674 176 1717 rino
200 1657 229 1714 in
252 1655 319 1714 loco
334 1655 550 1724 Tertullianus,
567 1657 745 1732 praesertim
766 1673 840 1718 uero
862 1659 892 1716 in
907 1657 1010 1719 Libro:
1027 1658 1071 1718 lle

122 1737 239 1799 Corano
254 1735 364 1797 Militis
385 1734 487 1812 Capite
510 1736 572 1804 lll,
596 1736 646 1797 ubi
668 1737 706 1798 de
727 1739 1005 1818 Baptismoagens,
1030 1740 1071 1798 sie

118 1819 235 1895 inquit:
263 1815 318 1878 Ter
340 1821 549 1897 mcrpitamur,
572 1817 642 1877 iudo
665 1823 802 1899 susecpti,
833 1820 919 1880 lactis
934 1831 962 1882 ct
977 1821 1071 1882 mettis

114 1901 286 1960 meletatum
306 1910 547 1978 praenoscamus.
575 1898 681 1960 Fuisse
714 1902 794 1961 bunc
822 1903 915 1962 ritum
944 1905 1070 1964 aliarum

80 1978 84 1985 ’
114 1979 343 2049 Ecclesiarum,
367 1981 478 2042 diserte
500 1982 587 2042 docet
609 1980 638 2041 S.
663 1980 873 2061 Hieronymus
895 1985 925 2042 in
946 1985 1071 2061 Dialogo

115 2063 263 2124 adversus
285 2062 501 2124 Luciieriauos.
527 2061 739 2124 Perseverasse
762 2065 791 2124 in
807 2064 970 2126 Occidente
991 2065 1071 2126 barno

115 2147 221 2216 ritum,
243 2161 340 2221 usque
363 2145 399 2204 ad
422 2145 554 2205 medium
577 2143 731 2213 sacculum
754 2165 881 2215 nonum,
906 2146 994 2208 docet
1014 2165 1072 2207 uos
1123 2217 1131 2228 ¹

114 2225 243 2286 ioannes
274 2226 426 2287 Diacouus
454 2227 481 2286 in
518 2223 651 2302 Epistola
681 2227 718 2287 ad
743 2226 918 2289 Senarium.
943 2228 1068 2307 losnper

116 2309 144 2366 in
167 2309 287 2384 antiquo
303 2306 438 2370 Romano
453 2307 566 2368 Ordine
588 2310 668 2385 apud
690 2307 877 2388 llittorpium
900 2315 981 2371 extat
1002 2329 1069 2388 spe-

114 2391 199 2450 cialis
215 2389 383 2455 benedictio
400 2391 485 2450 laetis
506 2393 536 2448 et
557 2389 665 2449 mellis.
680 2390 785 2452 Altera
806 2399 873 2470 post
887 2393 1070 2470 baptismum

115 2471 163 2532 die
194 2471 265 2530 olim
299 2473 328 2529 in
350 2470 483 2531 Ecclesia
507 2469 651 2531 Romana.
678 2491 822 2534 numerus
848 2475 1066 2552 baptizatorum

115 2553 241 2614 Summo
262 2552 396 2614 Pontifici
420 2552 672 2624 denuntiabatur,
696 2560 790 2614 uter
811 2555 904 2614 variis
926 2554 1068 2616 Romanis

114 2629 276 2695 Ordinibus
299 2639 424 2701 constat,
443 2651 477 2693 ac
498 2636 675 2711 praesertim
692 2653 730 2695 ex
745 2634 882 2696 Romano
894 2637 1007 2698 Ordine
1021 2636 1066 2698 xl

116 2723 241 2776 arrctore
264 2715 425 2778 Benedicta
446 2713 596 2774 Canopico
619 2714 651 2774 S.
667 2713 759 2776 Petri.
776 2716 935 2793 Baptizatis
956 2726 1071 2796 praete·

118 2815 170 2858 rea
194 2798 301 2858 eodem
325 2799 373 2858 die
388 2797 446 2873 legi
468 2797 540 2856 olim
563 2796 683 2857 solitum
707 2797 764 2858 luit
785 2799 902 2859 initium
914 2798 1069 2879 Evangelii

118 2879 148 2938 S.
173 2878 318 2948 loannis,
342 2895 451 2954 nempe
473 2877 513 2938 In
542 2879 699 2958 principio
721 2890 787 2940 crat
808 2881 952 2948 Verbum,
976 2888 1012 2942 ut
1032 2899 1068 2942 ex

116 2967 316 3038 acceperant
338 2959 528 3020 altitudinem
556 2960 675 3019 divinae
696 2961 823 3036 gratiae.
848 2961 968 3021 Seruari
998 2981 1067 3024 con·

115 3045 247 3103 saevisse
269 3043 409 3104 eumdem
436 3044 527 3102 ritum
550 3042 767 3117 posterioribus
788 3043 926 3108 merulis,
952 3050 1070 3106 constat

116 3125 203 3203 plane
225 3143 262 3186 ex
284 3124 375 3185 variis
396 3122 574 3184 Rituatibus.
599 3120 638 3182 Ut
659 3140 733 3182 vero
761 3142 777 3183 a
800 3127 944 3186 creaturis
967 3133 998 3187 et
1019 3145 1068 3186 vo

115 3207 280 3284 luptatibus
302 3208 342 3266 ita
358 3206 476 3272 secreti,
490 3201 624 3265 Creatori
648 3204 766 3265 firmius
787 3205 998 3279 adhaererent,
1015 3226 1070 3285 per

114 3293 207 3348 totam
231 3294 368 3350 notarem
391 3285 524 3363 quotidie
540 3304 659 3346 stimmo
680 3287 801 3363 quidem
823 3306 911 3348 mane
933 3291 962 3348 in
977 3289 1066 3350 Missa

117 3387 195 3444 ‹puae
217 3386 273 3449 pro
294 3369 365 3448 ipsis
388 3368 585 3438 cantabatur,
609 3367 751 3446 Corporis
777 3376 809 3431 et
829 3370 987 3448 Sanguinis
1009 3370 1068 3432 Do·

114 3453 187 3512 mini
210 3451 370 3531 participes
392 3449 527 3519 fiebant3
559 3450 586 3508 id
616 3449 693 3527 quod
717 3453 931 3527 praescribitur
956 3454 986 3513 in
1008 3452 1068 3514 Or·

115 3533 184 3594 dine
205 3535 346 3596 Romano.
362 3533 486 3609 aliisque
501 3530 725 3593 Pontificalibus
739 3531 848 3596 libris.
867 3534 922 3595 Per
945 3537 1066 3596 easdem

113 3621 235 3676 «octavas
255 3615 479 3676 exhortatorius
512 3615 548 3676 ad
571 3631 623 3676 eos
652 3633 751 3677 sermo
772 3617 904 3696 quotidie
933 3617 1067 3678 trabeba-
