2567 4042
472 219 533 281 ess>
556 208 612 273 181
636 219 698 279 tls-

106 333 267 397 Pontificali
290 334 437 404 Romano,
467 335 661 417 Omnipotens
682 341 860 416 sempiterne
883 337 982 406 Dens,
1007 341 1061 418 qoi-

106 437 134 478 cs
155 428 332 479 cunctorum
355 429 409 478 etc.
434 421 606 496 legiturque
626 421 772 480 in'variis
794 421 924 496 antiquis
940 417 1062 481 Pontifi-

106 500 218 560 calihus
241 501 402 560 Vaticanis.
434 500 521 560 Hanc
543 502 731 578 Episcopalis
761 502 974 564 benedictionis
1004 503 1065 561 nir·

108 586 203 642 tutem
225 583 361 659 plerique
384 580 545 642 Christiani
573 581 671 660 Reges
704 602 739 644 ac
772 583 925 659 Principes
952 584 1066 661 experti

107 669 195 729 sunt,
218 663 255 723 ad
278 662 424 740 praelium
446 670 552 725 contra
574 664 737 727 Christiani
763 665 907 731 nominis,
930 670 961 725 et
982 663 1066 723 Fidei
1100 715 1102 719 .

109 745 210 804 hostes
231 743 408 822 profecturi.
432 744 539 822 Neque
561 748 687 824 insuper
708 747 844 823 exempla
860 746 978 814 desunt,
1003 745 1070 822 qui·

107 828 163 885 bus
185 824 388 887 Ecclesiastici
410 827 579 905 Scriptores
600 828 789 896 ostendunt,
812 845 903 903 quam
932 825 1067 886 fructuo-

109 925 140 966 sa
162 915 194 968 et
215 909 296 970 utilis
319 906 411 970 luerit
425 907 578 987 plerisque
601 909 770 969 istiusmodi
785 907 997 968 Ecclesiastico
1019 907 1070 968 he·

108 987 238 1050 nedictio
262 988 462 1050 vexillorum.
494 988 599 1052 Fuisse
629 992 824 1068 antiquorum
853 989 971 1067 Regum
1001 985 1071 1050 Gal·

107 1074 208 1132 lorum
230 1088 369 1139 morem,
395 1078 428 1132 ut
449 1090 518 1132 cum
542 1072 687 1132 deberent
708 1073 745 1132 ad
773 1072 850 1134 bella
882 1071 1068 1148 procedere,
1174 1111 1176 1115 -

111 1159 178 1229 post
199 1153 442 1213 celebrationem,
454 1153 616 1214 Missurum
631 1199 638 1221 ‚
655 1153 811 1214 Vexillum
826 1153 857 1226 S,
872 1153 1009 1231 'Dionysii
1023 1171 1072 1212 ac-

110 1235 246 1310 ciperent
267 1239 393 1302 constat,
418 1239 453 1296 ut
474 1234 531 1294 alia
554 1236 704 1303 omittam,
723 1254 760 1296 ex
783 1234 812 1294 S.
830 1233 974 1294 Lunovict
996 1237 1069 1293 vite:

110 1330 201 1391 quern
232 1334 349 1376 morem
373 1317 476 1381 laudat
496 1314 666 1376 Romanum
690 1316 880 1377 Breviartum
908 1315 956 1374 die
977 1314 1071 1376 XXV

112 1395 253 1474 Augusti.
279 1395 376 1457 Finita
397 1397 604 1458 benedictione
619 1397 731 1458 Vexilli
745 1422 755 1464 ‚⁷
780 1405 941 1473 antequem
972 1398 1070 1473 ipsum

110 1480 259 1548 tradatur,
272 1497 332 1538 non
355 1480 445 1539 modo
467 1496 538 1539 cum
554 1497 631 1556 equa
648 1480 803 1540 benedicta
821 1477 1004 1556 asperginum·
1019 1479 1070 1538 sed

109 1563 139 1618 et
160 1563 284 1620 incenso
305 1561 464 1626 adoletur,
481 1560 588 1620 deinde
602 1578 677 1621 vero
693 1561 797 1622 hastae
812 1558 955 1638 infigitur.
972 1558 1070 1620 Adno—
1141 1633 1144 1640 Ι

110 1643 236 1703 tandum
259 1648 414 1720 superest,
437 1640 596 1704 Vexillum»
619 1643 700 1718 quod
728 1643 903 1703 mittebatur
925 1638 1069 1718 Principi-

110 1724 165 1784 bus
187 1743 203 1782 a
227 1724 363 1784 Romano
384 1722 549 1792 Pontifice‚
573 1725 710 1784 benedici
736 1725 775 1785 ab
807 1725 872 1802 ipso
902 1720 964 1799 jam
996 1723 1069 1783 olim

110 1809 325 1877 consuevisse;
350 1804 477 1883 ejusque
500 1805 662 1868 formulam
684 1805 784 1884 legere
807 1812 852 1886 est
873 1801 952 1880 apud
968 1802 1069 1882 Augu·

110 1889 223 1948 stinum
256 1885 420 1947 Patricium
450 1886 515 1946 Lib.
540 1886 554 1946 l
579 1885 747 1948 Sacrorum
783 1885 1064 1949 Coeremoniernrn.

110 1967 218 2029 Solitos
240 1970 330 2030 etiam
353 1968 446 2030 luisse
461 1966 624 2044 Episcopus
639 1971 668 2028 in
684 1971 746 2030 suis
759 1967 935 2028 Dioeesihus
949 1964 1068 2028 Venilia

112 2051 314 2121 benedicere,
338 2051 462 2127 suisque
477 2046 670 2127 *Principibus
693 2049 875 2128 proiecturis
896 2046 932 2107 ad
956 2046 1068 2108 bellum

113 2133 244 2203 tradere,
261 2134 430 2192 immunera
447 2149 523 2209 pene
537 2133 752 2208 exempla’nos
768 2131 888 2191 docent.
904 2127 988 2201 Quod
1005 2128 1068 2206 ipsa

112 2216 349 2281 benedicantur,
371 2232 423 2274 eos
445 2212 664 2290 proculdubio
686 2218 821 2291 spectat,
847 2210 898 2288 qui
920 2216 990 2270 sunt
1010 2212 1067 2272 illis

111 2299 195 2357 usuri
211 2319 227 2368 ;·
244 2297 279 2364 u't
299 2295 441 2354 nimirum
458 2292 541 2355 Deus
554 2295 607 2355 det
627 2294 700 2372 ipsis
722 2307 902 2373 prosperum
920 2289 990 2351 belli
1004 2295 1068 2353 exi·

110 2382 196 2444 tum,
221 2383 252 2438 et
274 2376 419 2437 secundet
439 2375 559 2436 consilia
581 2378 808 2454 suscipientium
839 2373 1008 2452 praelium,
1034 2379 1068 2437 ut

110 2461 184 2520 scite
207 2461 294 2520 docet
315 2458 503 2534 Theophilus
523 2457 708 2536 Raynauous
736 2460 764 2517 in
797 2458 858 2517 suis
878 2453 1068 2518 Heteroctitic

111 2541 329 2618 spiritualibus.
354 2540 388 2600 T.
413 2537 442 2598 ll
465 2557 532 2616 pag.
557 2537 629 2600 ete.
