2567 4042
590 192 793 267 mosas·

212 324 315 384 vestiat
338 341 404 383 earn
429 320 552 395 Casula,
572 324 685 385 dicens:
700 323 784 385 Stolo
806 311 993 382 innocentiae
1014 312 1124 383 induat
1140 330 1165 383 te

213 404 372 465 Dominus.
396 405 534 467 Meminit
554 412 585 468 et
600 406 726 467 Casulae
749 403 917 465 traditionis
940 404 969 462 in
992 402 1167 465 suoSacra·

212 488 359 547 monario
375 485 406 546 S.
423 484 599 567 Gregorius.
617 487 885 565 Superyacaueum
900 483 979 544 soret
1000 485 1037 545 de
1053 502 1088 545 eo
1104 486 1165 547 ritu

213 569 287 630 alios
298 567 486 629 Pontificales
501 570 608 629 Libros
623 569 749 636 reierre,
766 586 836 629 cum
858 566 889 623 in
900 562 1031 627 Concilio
1046 566 1166 627 Toleta-

211 670 251 711 no
262 650 317 722 lV,
330 651 408 728 quod
425 651 561 711 habitum
574 658 621 712 est
634 669 711 711 auno
723 646 926 729 ucxxxvl,
938 646 1012 709 Gan.
1025 647 1163 719 XXVII,
1261 700 1265 724 ,,

213 734 323 794 diserta
346 734 459 794 mentio
488 730 542 793 fiat
562 733 599 794 de
621 732 758 803 Oratio,
783 750 836 793 seu
858 726 959 796 Stola,
983 748 1018 790 ac
1041 728 1168 793 Planctu-

212 816 242 875 in
265 814 461 875 Ordinatione
476 812 648 892 Presbyteri
671 814 815 874 adhibita.
839 812 910 872 Post
931 812 1058 874 Gasulac
1076 812 1164 874 tradi-

117 889 121 898 *
212 898 324 957 tionem
347 894 535 974 Presbyteris
557 896 723 958 benedictio
745 898 783 956 ab
803 892 958 971 Episcopis
979 895 1161 973 impertitur,

211 975 354 1057 Hymnus
387 977 459 1039 Veni
487 977 614 1041 Creator
640 978 771 1058 Spiritus
801 996 858 1037 non
885 975 1002 1037 videtur
1034 977 1164 1053 antiqui·

212 1064 261 1119 tus
282 1062 312 1122 in
334 1059 533 1120 Ordinatione¹
550 1057 721 1139 Presbyteri
745 1064 930 1135 usurpatus,
954 1074 1023 1118 cum
1049 1058 1164 1119 nullam

213 1139 291 1201 illius
323 1142 399 1203 ritus
422 1141 605 1202 mentionem
638 1140 749 1201 iaciant
770 1137 959 1200 Pontificales
981 1137 1064 1199 Libri
1092 1144 1163 1201 ante

211 1240 324 1284 annum
347 1224 541 1284 millesimum
565 1224 692 1283 exarati.
717 1221 833 1283 Verum
856 1224 885 1280 in
906 1217 1071 1281 Pontificali
1093 1222 1165 1282 insi-

212 1305 277 1383 gnis
299 1303 453 1367 Ecclesiae
473 1302 694 1375 Noviomeusis,
718 1304 798 1381 quod
819 1308 888 1362 ante
909 1320 1000 1361 anuos
1022 1303 1164 1383 quadria-

211 1394 315 1467 gentos
347 1389 493 1465 scriptum
519 1390 670 1464 putatur,
694 1386 745 1445 ubi
767 1387 805 1446 de
827 1401 971 1445 manuum
993 1382 1164 1445 Sacerdotis

212 1470 434 1529 consecratione
467 1468 590 1545 agitur,
613 1469 713 1545 ipsum
737 1467 909 1545 hymnum,
939 1464 1010 1525 Veni
1033 1464 1165 1541 Creator

214 1548 355 1628 Spiritus,
380 1560 436 1610 ete.
460 1550 612 1626 praemitti
633 1547 771 1625 legimus,
789 1546 1042 1625 quemadmodum
1065 1553 1111 1610 cst
1131 1549 1165 1609 in

100 1628 108 1645 ‘
210 1630 376 1692 Pontificali
398 1629 555 1690 Ecclesiae
574 1630 780 1707 Mogontiuae.

251 1712 335 1773 Vlll.
360 1712 458 1785 Quam
474 1712 512 1772 sit
526 1712 666 1787 antiquus
682 1712 711 1770 in
727 1708 862 1772 Ecclesia
885 1718 949 1773 tum
961 1710 1078 1780 latina,
1096 1716 1165 1772 tum

208 1793 327 1857 ‘Graeca
351 1796 425 1855 ritus
447 1794 575 1871 ungendi
597 1804 681 1851 sacro
698 1792 764 1853 oleo
787 1810 894 1854 manus
908 1793 1099 1871 Presbyteri,
1117 1792 1165 1853 lu·
1262 1866 1263 1871 γ

211 1876 448 1937 calentissimum
473 1875 677 1936 testimonium
700 1874 847 1934 habemus
869 1876 898 1933 iu
921 1874 1165 1945 Sacramentario

210 1956 241 2019 S.
264 1958 427 2034 Gregorii,
452 1958 503 2018 ubi
525 1958 616 2017 etiam
638 1955 713 2015 haec
735 1956 901 2016 verborum
924 1955 1059 2017 formula
1076 1956 1166 2017 exhi-

209 2040 307 2101 betur:
335 2039 556 2102 Conseerentar
577 2055 686 2099 manas
707 2040 793 2107 istae,
818 2053 996 2116 qaaesnrnas
1018 2038 1162 2108 Domine,

210 2134 237 2182 et
259 2121 480 2202 sanctificentur
496 2140 554 2199 per
575 2122 664 2181 isram
686 2119 855 2179 unctionem
878 2129 903 2180 et
924 2128 1059 2181 nostrane
1082 2122 1166 2180 lene-

210 2202 381 2272 dictionem,
398 2213 432 2263 at
455 2219 658 2281 qaaecumque
681 2200 896 2270 benedixerint,
913 2201 1065 2262 derredr‘eta
1087 2204 1162 2271 sint,

210 2295 237 2345 et
259 2302 462 2365 quaecamque
483 2282 766 2362 sanctificaverint,
790 2278 1024 2363 sanctificentur.
1048 2282 1164 2344 Sancto

208 2364 354 2445 Gregorio
377 2366 506 2425 concinit
525 2370 613 2437 vetus
628 2363 710 2423 Ordo
726 2362 889 2434 Romanus,
908 2382 946 2425 ex
967 2365 1165 2442 quo-desum-

207 2453 258 2523 pta
280 2454 327 2507 est
347 2444 477 2507 Rubrica
512 2452 542 2506 et
570 2446 734 2506 verborum
763 2445 893 2507 iormrila
915 2446 1011 2505 nostri
1031 2448 1166 2507 Romani

207 2526 401 2589 Pontificalis.
426 2527 541 2588 Multae
574 2544 647 2588 vero
670 2528 800 2587 rationes
822 2532 913 2596 sunt,
938 2532 1063 2604 propter
1085 2546 1165 2605 quas
1265 2554 1266 2597 t

208 2608 341 2669 Ecclesia
374 2610 450 2670 hanc
473 2610 647 2671 unctionem
675 2610 859 2670 adhibuerit.
884 2606 986 2669 Primo
1008 2610 1162 2686 quidem,

79 2742 111 2766 ,s
208 2698 243 2752 ut
265 2690 386 2753 Veteris
406 2690 590 2751 Testamenti
612 2689 807 2751 Sacerdotum
829 2691 1002 2751 unctionem
1024 2692 1166 2755 imitare·

208 2778 273 2840 tur,
290 2773 464 2849 nostrosque
478 2770 656 2853 Sacerdotes
678 2790 735 2832 non
752 2790 817 2833 esse
839 2772 898 2832 illis
922 2772 1166 2843 interioressed

201 2854 295 2933 longe
316 2854 556 2920 excellentiores,
578 2854 624 2932 uti
647 2852 833 2915 demonstrat
854 2852 886 2913 S.
904 2851 965 2915 Leo
987 2856 1016 2913 in
1040 2853 1166 2917 Sermo-

207 2954 243 2996 ne
266 2936 300 2995 de
323 2936 456 2996 Passieno
478 2935 628 3006 Domini,
652 2935 704 2996 ubi
732 2936 774 2994 ita
795 2935 913 3011 inquit:
936 2933 1027 2996 Nunc
1049 2940 1166 2998 etenim

203 3027 235 3079 'at
256 3017 329 3076 ordo
352 3017 467 3077 clarior
489 3013 682 3085 latitarent,
708 3026 733 3076 et
756 3015 886 3095 dignitas
914 3018 1042 3097 amplior
1063 3020 1166 3079 senio-

205 3118 283 3167 runt,
308 3107 335 3158 et
356 3098 502 3159 sacratior
525 3106 566 3157 est
587 3098 686 3176 nnctto
708 3097 915 3159 Sacerdotem.
939 3095 1095 3170 Secu-ndo,
1123 3104 1165 3163 ad

205 3180 441 3240 misericordiam
462 3184 494 3239 et
515 3180 686 3255 pietatem,
704 3196 801 3256 quam
823 3196 895 3258 erga
916 3180 991 3241 alios
1013 3180 1166 3243 adhibere

205 3261 334 3332 debeat,
357 3260 607 3337 exprimendam
632 3266 663 3323 et
686 3266 797 3321 utnon
820 3263 918 3321 solum
940 3263 1056 3323 activae
1078 3264 1165 3327 vitae

205 3343 405 3410 incumbant,
429 3341 481 3401 sed
504 3344 622 3411 etiam,
647 3347 682 3403 ut
709 3342 854 3403 bonorum
876 3360 1004 3421 operum
1035 3362 1165 3407 manum

207 3424 323 3501 popidis
346 3428 605 3500 praemonstrent3
629 3424 674 3483 uti
696 3423 914 3501 luseexplicat
935 3422 967 3485 S.
992 3424 1164 3503 Gregorius

205 3505 333 3582 Magnus
355 3504 385 3561 in
407 3501 474 3562 Lib.
492 3502 619 3583 Regum,
643 3502 715 3585 Cap.
739 3504 801 3565 lV:
824 3500 937 3567 Habeat
959 3504 1103 3569 Sacerdos
1126 3510 1166 3570 ia

205 3587 340 3646 unctione
363 3600 417 3647 saa
439 3584 545 3656 oleum,
561 3586 665 3649 labem
678 3586 924 3649 'misericordiam
939 3588 1160 3661 abundantem,
