2567 4042
634 182 857 258 ’ΜΝ

268 332 440 398 ponamuS‚
464 315 582 390 qualem
605 317 699 394 exigit
724 319 787 394 ipse
808 317 938 394 Spiritus
964 315 1030 376 lons
1050 315 1201 392 puritatis,

268 399 430 474 gratiarum
449 397 618 466 thesaurus,
642 399 788 459 discretor
801 400 1012 476 cognitionum.
1037 396 1126 458 Sexta
1140 399 1203 458 item

267 479 342 539 hora
355 478 451 540 oratio
473 480 641 538 necessaria
653 486 698 540 est
719 480 896 540 Sanctorum
918 481 1073 556 exemplo,
1096 480 1137 539 ait
1156 479 1204 538 aa·

266 562 360 628 silius,
379 565 411 618 nt
427 560 590 621 liberemur
612 563 649 621 ab
671 563 794 622 incursu
815 569 846 622 et
867 563 1024 623 daemonio
1037 561 1202 620 meridiano.

268 641 424 702 Orandum
447 641 590 711 meridie,
615 644 713 720 inquit
727 643 900 706 Ambrosius
923 645 952 702 in
973 642 1126 703 Psalmum
1141 640 1204 709 118,

265 724 338 801 quia
361 726 417 784 hoc
441 731 575 798 tempore
598 727 694 786 virtus
715 727 834 785 divinae
854 726 929 786 lucis
949 731 1104 804 operatur.
1129 722 1205 786 Hora

264 807 355 884 igitur
370 805 459 866 Sexta
481 805 617 866 Abhram
640 814 700 867 tres
721 805 851 884 Angelos
873 810 901 866 in
923 813 1029 885 typum
1051 805 1201 868 Sanctissi-

268 905 336 948 mae
358 887 510 948 Trinitatis
534 889 661 964 bospitio
682 891 824 966 suscepit.
858 887 970 948 Eadem
999 889 1075 948 bora
1104 889 1204 950 mulier

264 969 450 1031 Samaritana
472 970 508 1027 ad
530 967 682 1030 Christum
706 972 858 1032 sedentem
880 989 970 1047 super
990 975 1116 1046 puteum
1137 968 1205 1030 fidu-

263 1052 378 1112 cialiter
392 1051 536 1111 accedens
551 1051 654 1112 edocta
669 1058 715 1112 est
728 1053 766 1111 ab
779 1054 841 1121 illo,
865 1052 1121 1130 quemadmodum
1133 1053 1206 1112 Deus

264 1135 304 1193 sit
319 1134 497 1202 adorandus,
521 1133 592 1210 quid
616 1136 850 1209 sitaquarira,
874 1135 945 1211 quid
967 1133 1031 1192 lons
1053 1137 1162 1194 saliens
1180 1133 1205 1191 in

262 1216 355 1276 vitam
378 1220 542 1275 aeternam.
564 1213 811 1292 Petrusquoque
835 1217 890 1276 hac
913 1217 989 1276 hora
1010 1218 1146 1276 ascendit
1164 1232 1207 1275 su·

263 1300 398 1372 periora,
424 1304 457 1356 ut
470 1302 589 1355 oraret.
613 1297 703 1358 Sexta
725 1299 802 1358 hora
820 1306 935 1359 sextam
958 1298 1061 1357 mundi
1081 1302 1206 1360 aetatem

261 1377 392 1439 denotat.
406 1376 492 1437 lesus
507 1377 642 1438 Salvator
665 1379 768 1439 muudi
791 1382 847 1440 bac
870 1382 931 1456 ipsa
948 1381 1022 1439 hora
1045 1399 1100 1458 pro
1114 1379 1206 1441 saluto
1252 1402 1253 1405 ¹

263 1468 363 1522 nostra
386 1460 547 1519 crudeliter
569 1461 732 1520 crucifixus
753 1469 809 1522 est.
827 1462 952 1523 Sanctus
972 1461 1105 1540 Prosper
1117 1461 1206 1538 Aqui·

262 1545 377 1603 lanicus
399 1541 479 1600 addit
499 1541 652 1602 Christum
675 1544 781 1603 eadem
802 1545 876 1604 hora
911 1543 939 1601 in
961 1544 1079 1604 coelum
1107 1561 1205 1604 ascen·
1252 1566 1254 1625 p

260 1625 350 1685 disse.
367 1623 493 1699 insuper
507 1624 584 1684 sicut
605 1625 680 1686 hora
701 1624 821 1709 Prima,-
836 1624 921 1702 juxta
944 1625 1135 1686 Carrinatem
1156 1625 1206 1684 Bn·
1252 1638 1253 1655 ¹

261 1725 311 1774 na,-
329 1705 530 1782 incipientium
553 1709 676 1775 statrrrn,
699 1707 800 1768 Tertia
821 1705 1040 1783 proficientium
1061 1707 1202 1784 designat,

259 1788 302 1847 ita
323 1787 413 1848 Sexta
436 1785 626 1864 perfectionis
648 1791 868 1864 sanctitatisque
890 1789 1008 1849 culmen
1025 1789 1200 1850 manilestat.

259 1868 333 1931 Sunt
354 1872 404 1946 qui
428 1869 527 1928 dicant
555 1869 630 1930 hora
651 1869 736 1930 Nona
757 1871 869 1950 ejectos
891 1873 1002 1945 prirnos
1023 1877 1165 1950 parentes
1189 1887 1204 1930 e
1252 1884 1253 1897 ¹

152 2012 154 2017 ,
257 1951 423 2022 Paradiso,
448 1969 518 2010 mox
539 1953 619 2011 enim
643 1954 817 2014 utintravit
839 1959 1021 2029 peccatum,
1046 1953 1203 2022 simulans
1252 1962 1253 1973 ¹

258 2034 368 2094 invasit
383 2033 598 2103 erubescentia,
622 2035 770 2098 clamante
785 2035 955 2103 coscientia,
980 2043 1010 2097 et
1031 2052 1104 2094 reos·
1121 2051 1203 2094 accu-

258 2122 353 2176 sante.
371 2113 411 2174 Ac
424 2127 496 2174 vcro
519 2115 593 2176 haec
609 2116 761 2194 potissima
777 2117 852 2176 ratio
868 2122 923 2187 est,
940 2118 979 2177 ob
993 2135 1083 2193 quarn
1100 2116 1137 2174 ad
1153 2117 1202 2176 ho-

257 2215 309 2258 rae
329 2196 433 2257 Nonaa
455 2197 632 2258 celebranda
646 2201 790 2276 mysteria
813 2215 871 2258 non
885 2199 948 2259 sinc
962 2199 1105 2278 lacrymis
1118 2203 1202 2273 atqrre
1252 2206 1253 2289 ¹

257 2280 437 2356 singultibus
458 2281 619 2338 convenire
642 2280 810 2349 debemus,
829 2279 901 2356 onia
925 2298 1032 2358 nempe
1054 2280 1112 2339 hac
1133 2279 1202 2338 hora
1252 2302 1253 2341 ;

257 2360 404 2422 Dominus
426 2357 513 2419 Jesus
528 2361 700 2422 exclamans
723 2379 795 2422 voce
818 2379 924 2437 magna
939 2363 1039 2422 emisit
1052 2361 1199 2438 spiritum.

256 2440 322 2502 Hac
338 2445 414 2503 hora
429 2444 596 2502 centurioni
611 2442 750 2504 Cornelio
772 2463 826 2522 per
841 2443 989 2520 Angelum
1015 2445 1084 2503 viae
1104 2442 1200 2502 salutis
1252 2492 1253 2515 ,

255 2524 423 2600 patefactae
439 2531 519 2594 sunt3
536 2526 714 2600 quaitidem
737 2526 811 2585 hora
833 2523 884 2585 SS.
898 2525 1058 2586 Petruset
1079 2524 1200 2585 Joaoncs
1252 2542 1253 2585 r

255 2607 454 2668 ascenderunt
471 2605 497 2661 in
515 2608 658 2684 templum
674 2608 711 2667 ad
726 2607 884 2678 orandnm3
903 2625 978 2684 quae
993 2612 1059 2668 erat
1073 2607 1199 2668 solemne

256 2695 378 2766 tempus
398 2684 536 2748 sacrificii
557 2689 718 2768 ¹respectini
740 2687 865 2750 Iudaici.

627 2850 755 2914 CAPUT
776 2851 829 2913 Vi.

592 3031 640 3074 uu
667 3031 865 3076 VESPBRIS·
937 3047 939 3051 ·

293 3175 319 3236 l.
342 3175 390 3236 Ex
405 3175 653 3237 omnibusOiiicii
675 3178 767 3236 divini
788 3180 926 3240 cursibus
947 3178 1129 3241 celebriores
1142 3182 1196 3238 tam

253 3260 330 3334 apud
352 3256 483 3319 Clericos
505 3259 695 3336 quamapud
718 3259 881 3321 Monachus
902 3265 1067 3324 extiterunt
1081 3258 1194 3322 Matuli·
1252 3314 1253 3325 .

196 3363 198 3367 ·
253 3357 310 3400 naa
328 3339 673 3417 'LaudesetVasperae
697 3339 895 3420 Praecipuum
918 3361 953 3403 ac
969 3343 1194 3403 celeberrimum
1252 3356 1253 3379 ³

249 3419 342 3497 hujus
362 3420 459 3481 Ollicii
483 3439 601 3488 nomeu,
626 3423 819 3499 quodetiam
845 3443 921 3486 nunc
942 3427 1056 3500 ubique
1079 3423 1192 3490 retinet,
1252 3454 1253 3493 ς

250 3501 308 3560 init
333 3503 478 3582 Vespera,
503 3505 545 3563 sic
568 3503 682 3566 dictum
704 3523 721 3563 a
744 3506 861 3576 sidere,
885 3509 966 3584 quod
992 3508 1097 3586 Vesper
1117 3521 1193 3564 coco
1252 3502 1253 3567 3

247 3590 310 3651 tur,
335 3592 363 3643 ct
385 3583 538 3644 decidente
560 3586 617 3645 sola
639 3588 788 3660 exoritur,
813 3591 932 3668 inquit,
957 3589 988 3651 S.
1010 3588 1141 3650 isidorus
1160 3581 1192 3642 dr
1252 3604 1253 3671 ¹
