2567 4042
599 147 742 224 &326
763 159 825 222 ffl-

233 277 439 341 Cardiualium
467 275 632 339 Tridentini
661 277 784 340 Consilii
813 279 1017 358 interpretum
1051 279 1182 362 deelara-
1231 283 1234 298 '

235 366 301 422 tum
323 360 394 421 luit:
527 408 529 412 .

275 443 314 502 V.
338 438 543 518 Quamquam
560 448 649 505 vetus
675 445 715 505 sit
735 450 766 505 et
788 451 906 524 recepta
929 447 1010 504 omni
1030 461 1107 504 aevo
1127 441 1182 503 Ec·

236 527 346 587 clesiae
368 523 544 601 disciplina,
568 531 603 585 ut
624 523 814 586 Errebaristia
836 528 949 588 nonnisi
969 525 1081 605 jejunis
1103 544 1185 602 prae·

236 609 388 675 beretur,
410 623 448 665 ex
470 609 654 682 praescripto
685 609 876 668 nihilominus
909 627 1064 670 sacrorum
1087 607 1199 669 Conci·-

236 690 362 756 liorum‚
384 689 540 767 pronique,
558 690 665 766 quibus
680 697 814 751 nostrum
829 690 947 752 ilituale
963 691 1113 757 inhaeret,
1126 701 1187 772 pot·

237 781 279 832 est
300 770 420 851 quidem
445 770 594 830 Victicum
614 772 695 832 breui
715 775 870 834 morituris
892 770 962 832 dori
983 791 1042 854 not
1057 776 1183 854 jejunis.

237 853 324 927 Quod
348 855 432 929 plane
447 851 604 915 delinitum
623 851 686 931 jam
703 853 758 913 luit
772 857 801 914 in
816 853 948 916 Concilio
970 855 1188 918 constantiensi

236 935 374 995 Sessione
401 931 489 993 xiil.
514 933 613 1011 Atque
646 935 722 996 bane
753 938 917 1013 antiquam⁴
934 952 1188 1014 communemque

235 1015 391 1078 Ecclesiae
424 1015 540 1091 praxim
568 1015 705 1091 pluribus
735 1017 935 1080 Consiliorum
954 1018 1097 1080 Decretis
1125 1038 1189 1098 pro·

236 1101 290 1160 bat
303 1101 380 1157 inter
402 1099 476 1158 alios
496 1099 686 1159 doctissimus
709 1101 1005 1178 religiosissimusque
1020 1101 1187 1162 Cardinalis

236 1181 413 1242 Brancatius
441 1180 470 1237 iu
497 1178 678 1258 Opusculo:
702 1179 747 1241 De
769 1183 861 1244 Sucro
888 1185 1005 1244 Viola'co
1027 1201 1057 1260 p.
1078 1182 1141 1242 tto
1162 1188 1190 1242 et

236 1281 322 1340 seqq.
347 1261 528 1339 Expeditum
550 1260 630 1322 baud
653 1265 725 1324 satis
741 1269 796 1329 est,
821 1281 880 1341 quo
896 1266 955 1326 ritu
977 1267 1048 1325 olim
1071 1265 1189 1326 Eucha-

236 1347 322 1407 ristia
345 1345 437 1405 inerit
457 1343 494 1402 ad
516 1349 705 1414 aegrotantes
727 1345 834 1407 delata.
866 1344 941 1405 lllnd
963 1347 1049 1424 plane
1073 1351 1188 1407 constat

235 1446 273 1491 ex
295 1426 420 1502 Capite,
444 1425 522 1485 Sane
544 1423 577 1483 X
594 1425 639 1485 De
662 1426 861 1488 Celebratione
883 1426 1068 1498 Missurum,
1092 1427 1191 1489 Hono·

234 1512 316 1570 rium
331 1510 442 1585 Papam
458 1506 501 1567 lll
516 1509 568 1584 qui
583 1509 692 1570 claruit
713 1511 796 1570 initio
811 1512 923 1571 saecul.
941 1509 1016 1571 Xlll
1033 1511 1190 1571 mandasse

234 1589 429 1670 Presbytero,
452 1598 568 1648 etcum
589 1587 630 1648 ed
644 1591 800 1672 infirmem
821 1593 854 1652 io
871 1592 986 1651 decenti
1001 1593 1117 1663 lubitu,
1142 1612 1187 1652 so-

230 1675 380 1754 perposito
401 1669 513 1730 mundo
532 1671 696 1738 uelamine,
720 1674 819 1749 serat,
837 1685 871 1734 et
891 1673 1001 1750 reseret
1023 1676 1188 1753 manifeste,

234 1775 272 1816 uc
293 1754 452 1835 honorifice
473 1761 542 1812 onte
559 1761 671 1832 peetus.
704 1754 771 1828 Quo
794 1757 911 1816 mudena
934 1755 1038 1816 babitu
1070 1757 1189 1818 indutus

234 1855 300 1897 esse
322 1835 475 1898 Parochus
496 1834 615 1902 debeat,
637 1852 707 1897 cum
729 1838 768 1897 ad
789 1835 1189 1915 aegrotumffluchansuam

233 1918 341 1990 defert,
367 1937 424 1979 non
446 1918 589 1994 exprimit
608 1914 729 1980 Riluale
749 1918 801 1980 sed
823 1921 941 1996 inquitet
965 1919 1090 1980 Recenti
1110 1922 1189 1980 hobi·

233 2009 294 2071 tu,
317 1999 500 2081 superposito
527 1996 638 2058 mondo
658 2001 986 2062 cetamteendniouu
1012 2003 1106 2062 verba
1129 2001 1190 2062 Ho-

233 2085 311 2144 norii
332 2081 431 2160 Papae
454 2079 509 2140 lll.
532 2080 627 2140 Porro
649 2082 757 2143 decens
778 2083 899 2144 babitus
927 2085 956 2142 iu
979 2099 1014 2143 ea
1035 2083 1187 2144 inustione

232 2166 410 2244 intelligitur
438 2162 694 2240 superpelliceum
717 2170 748 2225 el
769 2164 861 2225 Stola.
886 2163 1019 2225 Pluviale
1042 2184 1103 2228 una
1120 2183 1186 2228 eum

233 2247 458 2326 superpelliceo
481 2263 515 2304 ae
537 2242 645 2312 Stola,
669 2247 698 2306 in
721 2247 883 2308 deserenda
904 2247 1104 2324 adaegrotus
1127 2247 1184 2308 Bu·

234 2330 376 2389 charistia
406 2326 636 2397 adhibendum,
660 2328 689 2387 in
720 2331 811 2388 variis
831 2328 960 2406 synodis
992 2331 1186 2391 constitutum

233 2412 355 2488 legitur.
379 2410 497 2468 Debere
518 2416 618 2468 autem
640 2408 773 2470 Pluviale
795 2413 894 2486 ipsum
925 2427 961 2469 ae
988 2409 1101 2471 Stolam
1122 2429 1185 2473 esse

234 2493 294 2553 albi
315 2493 433 2558 coloris,
456 2507 494 2549 ex
509 2491 700 2567 generalibus
721 2493 850 2554 Missalis
871 2490 1010 2552 Rubricis
1033 2495 1184 2554 addiscere

232 2575 315 2635 licet.
339 2573 552 2634 Adhibendum
574 2579 731 2649 praeterea
753 2580 798 2634 cst
820 2574 965 2634 mundum
987 2576 1182 2636 velamanen

235 2659 419 2735 praescripto
434 2656 527 2714 nostri
543 2653 680 2715 Ritualis.
704 2655 785 2716 Solet
804 2658 940 2716 velamen
963 2657 1041 2718 istud
1057 2659 1184 2719 sericum

179 2758 184 2763 ·
235 2757 302 2799 esse
323 2739 381 2798 albi
402 2736 531 2801 coloris,
555 2755 590 2796 ae
612 2755 687 2797 auro
709 2739 882 2808 intextum,
917 2742 1183 2814 superponiturque

236 2816 462 2898 Superpcllicco
483 2819 530 2878 vel
553 2819 700 2886 Plurimi,
723 2820 747 2878 si
769 2837 828 2878 una
851 2837 919 2880 cum
942 2821 992 2881 illo
1014 2821 1043 2878 id
1065 2821 1183 2881 adbibe-

235 2909 310 2974 tur,
335 2909 369 2963 ut
389 2901 533 2962 Sacerdos
554 2917 671 2961 sacram
684 2901 836 2980 ‹Pyridem
860 2907 979 2979 gestans
1010 2903 1097 2964 istius
1128 2902 1183 2962 reli

233 2987 474 3054 extremitatibus
495 2983 577 3042 illam
600 2983 776 3057 cooperiat,
811 2991 844 3044 ut
876 2983 1025 3045 Rubricae
1058 2983 1182 3045 Missalis

234 3069 498 3144 praescribentes
521 3064 631 3126 Sacrae
650 3064 761 3144 Synodi
783 3065 936 3126 mandant.

275 3148 330 3208 Vl.
354 3149 393 3210 Ut
413 3149 567 3208 decentius
588 3146 895 3225 honorificentiusque
926 3166 1011 3208 sacra
1043 3149 1081 3208 ad
1104 3145 1180 3208 infir-

232 3247 318 3290 mum
344 3231 522 3292 Communio
544 3228 719 3298 deleratur,
748 3237 829 3292 reule
852 3232 956 3292 statuit
977 3234 1113 3290 nostrum
1136 3227 1182 3287 lli·

233 3313 339 3380 tuale‚
363 3313 439 3391 quod
462 3312 535 3372 elias
556 3312 657 3372 variae
689 3310 799 3390 Synodi
822 3318 999 3380 sanxerunt,
1023 3318 1057 3371 ul
1080 3327 1181 3388 nempe

232 3389 386 3456 Parecbus
401 3411 596 3475 processurus
610 3393 649 3453 ad
662 3382 942 3455 communicandum
958 3392 1182 3460 infirmumali·

233 3481 308 3549 quot
328 3475 498 3554 Campanae
520 3475 627 3536 ictibus
646 3473 750 3553 jubeat
780 3476 935 3536 convocari
961 3475 1179 3553 parochianos,

119 3611 121 3615 ,
232 3571 288 3616 seu
301 3554 582 3620 Coulraternitatem
598 3557 781 3648 sanctissimi
803 3557 998 3626 Sacrameuti‚
1011 3558 1074 3624 xubi
1095 3557 1180 3620 luerit
