2567 4042
617 198 845 274 mlii*

254 342 299 398 ter
322 336 499 398 Sanctorum
522 334 676 415 suffragia,
701 338 819 413 quando
841 338 870 397 in
892 332 994 396 Choro
1021 336 1151 397 dicitnr
1172 336 1225 399 offi-

252 419 332 481 cium
349 436 473 496 parvum
490 416 635 496 ejusdcm,
654 436 793 496 expressa
810 417 940 479 Robrica
956 424 1005 480 est
1024 418 1072 480 35
1092 436 1183 477 num.
1201 418 1224 478 l.

252 502 298 561 An
321 506 423 561 autem
447 500 529 561 sileri
551 505 582 562 et
603 501 710 562 debeat
744 503 771 561 in
794 500 934 561 Ecclesiis
957 502 1070 561 eidem
1097 501 1223 569 dicatis,

253 584 392 660 negative
405 581 603 659 Congregatio
617 583 745 661 reponit.
770 582 803 642 ln
819 580 962 643 Ecclesiis
985 584 1024 641 B.
1046 584 1176 645 Mariae
1190 583 1225 642 ‹li-

252 668 326 725 catis
341 683 379 724 ex
400 664 510 741 duplici
533 665 630 741 eapite
653 662 788 743 ejusdem
810 666 986 742 suffragium
998 666 1098 726 venit
1123 664 1224 724 adden·

251 746 335 811 dum,
362 748 476 806 ratione
498 746 612 806 scilicet
633 746 780 826 generalis
794 748 966 825 patrocinii,
990 748 1082 823 quod
1110 748 1152 807 de
1167 749 1222 807 uni·

209 900 216 911 ἱ
251 830 360 889 versati
383 830 460 907 gerit
480 828 613 888 Ecclesia
633 872 640 899 ‚
664 835 695 889 et
717 846 807 889 cansa
831 830 1026 907 particularis
1060 830 1223 908 protectio

251 910 308 980 nis,
332 928 385 971 seu
408 910 512 976 Tituli,
537 912 593 971 sub
615 928 673 987 qna
697 914 836 986 quiescit,
861 915 891 972 et
912 913 968 971 sub
986 929 1055 989 quo
1073 912 1221 989 inscripta

184 1046 188 1053 ,
252 996 298 1052 est
319 992 512 1068 particularis
528 991 661 1057 Ecclesia
678 992 738 1052 illa.
756 994 865 1071 Opinio
881 992 937 1052 run
951 992 1220 1055 Gavanti,Secl.5

252 1070 324 1149 Cap.
345 1070 384 1133 18
408 1093 436 1132 n.
455 1072 474 1131 3
495 1076 644 1151 privatum
668 1076 846 1137 recitantem
868 1074 1001 1135 officium
1018 1094 1166 1153 parvum
1188 1080 1221 1133 te·

236 1154 316 1213 ⁴neri
331 1155 375 1214 ad
399 1158 717 1215 commemorationem
741 1159 910 1235 generalem
933 1158 1148 1219 Beatissimae
1166 1156 1222 1215 Vir·

252 1236 343 1313 ginis,
368 1239 491 1315 perinde
514 1254 547 1296 ac
570 1238 593 1296 si
616 1237 690 1297 illud
714 1242 837 1300 minime
860 1240 1012 1299 recitaret.
1040 1238 1079 1298 ln
1107 1238 1221 1317 Vigiliis

250 1316 392 1389 Patroni,
418 1326 470 1379 aut
491 1318 634 1380 Titularis
657 1316 830 1390 Ecclesiae,
855 1322 903 1382 vel
925 1318 1121 1383 Fundatoris
1146 1322 1220 1380 Reli·

252 1400 357 1477 gionis,
382 1400 614 1461 eorumossiciis
636 1403 754 1471 votivis,
778 1404 967 1470 inventionis,
993 1404 1218 1468 translationis,

252 1488 323 1552 etc,
341 1501 417 1559 quae
440 1484 477 1541 de
492 1484 598 1543 iisdem
610 1484 678 1543 sub
700 1484 760 1547 ritu
776 1484 963 1565 semiduplici
986 1476 1129 1548 tortasse
1147 1487 1219 1545 cele·

222 1598 225 1606 ·
251 1562 389 1635 bruatur,
413 1582 478 1624 esse
501 1567 665 1626 omittenda
688 1568 863 1629 eorumdem
886 1567 1042 1644 suffragia,
1065 1588 1146 1628 cum
1164 1566 1218 1627 nu-

253 1644 381 1704 bricistis
414 1646 554 1706 omnibus
576 1648 698 1708 tradunt
720 1644 872 1709 Garantus
890 1654 1003 1719 ,useel
1028 1649 1049 1709 5
1075 1648 1159 1727 Cap.
1187 1644 1219 1707 18

251 1744 335 1787 num.
363 1726 631 1814 ilaetfiuyetus,
657 1728 722 1789 Lib.
748 1729 790 1789 ill
813 1728 885 1809 Cap.
911 1730 950 1790 17
972 1738 1096 1810 quaest.
1126 1730 1180 1792 13.

607 1889 737 1953 CAPUT
756 1892 842 1955 XVI.

546 2071 588 2115 nn
610 2070 725 2116 nunno
750 2074 913 2119 nunaunt.

288 2214 312 2275 1.
339 2215 479 2297 Vulgaris
501 2219 645 2279 sententia
670 2223 751 2281 tenet
771 2216 948 2299 Hymnum,
974 2240 1028 2285 seu
1049 2218 1211 2284 Canticum

255 2292 291 2357 To
313 2296 419 2359 Deom'
433 2299 595 2360 laudemus
616 2319 634 2360 a
656 2298 708 2361 SS.
733 2300 894 2364 Ambrosio
917 2309 947 2366 et
971 2304 1148 2383 Augustino
1171 2306 1209 2366 al-

251 2382 412 2450 ternatim,
436 2387 468 2441 et
489 2388 664 2460 extempore
687 2384 787 2443 divino
810 2384 921 2461 Spiritu
946 2386 1052 2447 afflatis
1079 2389 1209 2448 recitan-

250 2462 345 2531 tibus,
363 2462 463 2524 {uisse
485 2466 696 2541 compositum,
721 2466 750 2524 in
774 2468 941 2543 gratiarum
964 2471 1127 2541 actionem,
1153 2476 1209 2529 sta·

249 2545 302 2604 tim
326 2551 482 2623 postquam
506 2546 600 2607 Divus
615 2547 799 2625 Augustinus
815 2548 959 2625 baptismi
977 2551 1208 2612 Sacramentum

248 2629 391 2705 suscepit.
415 2629 501 2690 Hanc
524 2631 704 2708 sententiam
727 2634 830 2691 tenent
843 2630 877 2695 P.
891 2631 1072 2696 Eustachius
1089 2652 1107 2693 a
1123 2630 1157 2692 S.
1171 2628 1209 2692 U·

249 2707 359 2783 baldo,
383 2711 412 2771 in
435 2730 489 2774 sua
510 2712 744 2774 elaboratissima
766 2712 980 2792 Disquisilione
1003 2734 1095 2795 quam
1120 2714 1209 2775 ador·
1252 2734 1253 2745 .

249 2793 332 2854 navit
353 2794 389 2853 de
412 2794 594 2856 Auctoribus
617 2794 708 2873 hujus
730 2794 865 2875 Hynini3
891 2798 1039 2869 Lorium,
1063 2798 1098 2857 in
1121 2794 1206 2856 Psol-
1252 2792 1253 2871 j

246 2894 329 2935 mum
349 2876 393 2937 27
413 2895 443 2938 v.
468 2876 510 2949 93
533 2876 683 2939 Henrieus
697 2876 907 2956 ‚Spondanus‚
931 2882 966 2941 in
988 2878 1125 2961 Epitomc
1146 2877 1205 2936 An·
1252 2882 1253 2943 l

248 2959 366 3019 notium
381 2958 510 3021 Borooii
523 2962 557 3019 in
572 2960 725 3021 additione
747 2960 787 3019 od
802 2980 961 3023 numerous
977 2962 998 3022 9
1019 2980 1096 3023 anno
1120 2958 1202 3030 3883
1252 2958 1253 3007 l

248 3040 403 3112 Casalius,
429 3041 463 3101 lle
486 3045 634 3105 ueteribus
654 3059 812 3109 sacrorum
831 3042 1073 3105 Christianorum
1093 3042 1204 3102 ritibus
1252 3068 1253 3071 ¹

246 3120 320 3200 Cap.
345 3122 406 3194 t63
430 3124 577 3196 Rellotte‚
602 3124 637 3184 de
660 3122 778 3198 tillitus
801 3122 951 3187 Ecclesiae
972 3119 1201 3190 Loudu‘oeosim

254 3202 463 3266 observatione
480 3208 520 3269 32
538 3224 623 3267 num.
644 3205 662 3264 3
686 3224 754 3285 pag.
773 3204 848 3276 1933
873 3206 1038 3271 Castatdus.
1055 3208 1090 3265 in
1102 3204 1203 3265 Praxi
1252 3274 1253 3291 χ

252 3286 518 3349 Coeremoniornm
541 3289 607 3349 Lib.
630 3286 658 3348 11
680 3286 759 3349 Sect.
784 3286 898 3363 3Cap.
920 3290 942 3365 2
965 3307 994 3348 n.
1018 3286 1059 3358 9;
1090 3286 1202 3346 Benzo·
1252 3292 1253 3295 ’

248 3369 335 3437 nius,
358 3370 391 3430 in
413 3369 591 3453 Magnificot
612 3369 680 3430 Lib.
705 3370 719 3430 l
740 3366 812 3447 Cap.
840 3369 889 3433 19.
913 3369 1026 3431 Omnes
1049 3370 1097 3429 isti
1120 3386 1200 3447 prae·

247 3450 301 3509 tau
334 3450 450 3529 Hymni
487 3450 523 3510 Te
554 3454 651 3513 Deum
679 3450 838 3511 tondamus
866 3452 915 3512 SS.
947 3452 1140 3512 Ambrosium
1171 3454 1199 3507 et

247 3530 450 3607 Augustinum
473 3533 588 3593 nonnisi
606 3551 643 3591 ex
659 3534 811 3609 supposito
827 3531 858 3591 S.
876 3531 954 3593 Datii
971 3531 1118 3593 Chronico
1134 3530 1197 3590 Lib.

248 3608 262 3669 1
284 3608 356 3689 Cap.
380 3612 400 3671 9
422 3620 559 3674 auctores
581 3612 672 3674 tuisse
694 3619 887 3691 cognoscunt.
912 3614 1065 3685 Garantus
1087 3611 1198 3693 praedi·
1252 3684 1253 3695 χ
