2567 4042
446 208 669 278 &ultitim-

88 345 136 397 cet
165 344 199 398 ut
229 339 287 397 siut
318 337 447 398 laetitiae
479 343 509 396 et
535 337 716 399 solemnitati
746 338 968 397 couvenientes.
1000 333 1045 394 l'c·

90 419 183 478 Deam
201 437 276 479 vcro
297 421 467 479 cantabitur
488 420 524 478 eo
544 426 688 497 tempore·
715 437 776 494 quc
799 416 954 494 Reliquiae
976 415 1034 478 Ec·

88 499 206 560 ciceiam
228 501 347 562 intrant.
365 501 469 561 Ritum
489 518 555 564 esse
576 503 747 578 antiquum,
766 505 800 560 ut
815 498 955 576 Hymnus
971 500 1034 576 ipse

93 579 128 641 n
147 581 243 642 Deum
269 579 441 644 Laudamus
469 585 499 642 in
530 583 812 649 Translati'ouibus,
837 579 1036 642 Processioui-

90 664 180 724 husae
201 682 357 724 sacrarum
378 663 584 739 Reliquiarum
606 669 828 732 decantaretur,
853 681 890 724 cx
911 663 1034 724 Sancto-

89 763 154 804 rum
176 747 249 806 actis
271 751 361 822 alque
382 747 637 810 Translatiouibus
664 747 856 808 addiscimus.
880 743 942 805 Una
965 763 1035 806 cum

89 825 237 904 Hymuis,
260 835 291 889 ct
311 827 462 898 Canticis,
486 827 620 891 Psalmos
642 830 817 905 praesertim
839 829 953 888 cantari
968 845 1036 888 cuu-

88 911 217 971 sucaisse
249 911 278 969 in
310 910 367 970 ista
397 927 483 970 sacra
515 924 550 971 ae
571 912 691 990 publica
714 909 918 986 Reliquiarum
942 909 1037 969 Tran-

87 989 227 1062 slatione,
250 992 354 1052 multis
375 991 496 1069 probari
517 999 616 1071 polest
636 993 800 1070 exemplis,
825 1009 901 1068 quac
924 992 1035 1068 passim

86 1080 250 1134 occurrunt
270 1075 348 1149 apud
369 1074 587 1136 Bollandianos.
610 1074 735 1136 Constat
756 1074 829 1134 illud
852 1089 973 1150 quoque
996 1091 1033 1134 ex

87 1153 158 1214 actis
180 1155 379 1223 Sanctorum,
403 1157 561 1233 permultis
583 1157 697 1228 cereis,
721 1155 942 1232 luminibusque
958 1161 1035 1216 tran-

87 1235 173 1296 slatas
199 1239 248 1300 rel
270 1237 341 1298 olim
364 1237 454 1298 luisse
483 1255 588 1300 eorum
613 1238 790 1315 Reliquias,
819 1242 849 1297 et
876 1238 1035 1312 aliquando

86 1318 174 1377 etiam
197 1339 255 1381 nou
283 1320 345 1378 sine
368 1320 521 1380 miraculis
545 1321 624 1380 ultro
653 1321 811 1387 accensis,
836 1319 879 1378 uti
908 1321 1032 1397 contigit

87 1395 231 1475 Reliquiis
252 1401 282 1461 S.
308 1399 459 1462 Benedicti
482 1402 512 1461 iu
535 1401 725 1464 processione
740 1400 845 1460 delatis
867 1400 945 1478 apud
965 1400 1034 1462 Bol-

87 1478 236 1542 laudianos
258 1483 306 1542 die
325 1481 403 1543 XXI
425 1484 543 1544 Martii:
554 1484 721 1546 Occursum
737 1487 890 1560 praeterea
907 1485 1035 1560 antiqui-

87 1566 132 1622 tus
157 1578 228 1624 cum
251 1564 377 1624 solemni
399 1567 510 1644 pariter
533 1564 726 1628 Processione
753 1564 846 1625 sacris
867 1563 1033 1640 Reliquiis,

86 1662 152 1704 curn
175 1644 436 1715 translerrentur,
460 1654 576 1708 certum
600 1666 719 1726 quoquc
751 1653 796 1707 est
824 1652 915 1722 atque
937 1648 1043 1727 euplo-v

88 1731 194 1786 ratum.
220 1730 319 1804 Atque
341 1726 391 1786 hic
413 1730 541 1790 observa
562 1732 655 1791 alium
678 1732 792 1796 ritum,
817 1729 869 1804 qui
884 1729 1034 1806 hodieque

87 1813 244 1878 servatur,
268 1813 302 1870 ut
323 1827 431 1887 nempe
452 1809 859 1889 CampanaeEcclesiarum,
884 1829 938 1886 per
960 1827 1034 1886 quas

87 1892 188 1950 transit
208 1908 294 1951 sacra
315 1893 522 1969 Reliquiarum
544 1891 720 1964 Processio,
744 1909 815 1952 sono
838 1890 945 1952 lestivo
969 1895 1034 1968 pul-

87 1976 197 2034 sentur.
211 1972 269 2045 Qui
284 1973 404 2050 quidem
420 1977 496 2035 ritus
513 1993 571 2034 uon
586 1976 674 2034 modo
689 1976 777 2034 variis
792 1974 919 2048 antiquis
935 1993 1036 2034 exem-

86 2052 140 2126 plis
160 2055 328 2132 probatur,
351 2073 456 2116 rerum
477 2057 620 2117 etiam'in
645 2057 734 2116 variis
756 2054 903 2132 Synodis,
927 2053 1034 2116 llitua-

87 2133 221 2214 libusque
243 2136 300 2196 luit
320 2139 549 2216 praescriptusr

453 2299 580 2360 CAPUT
602 2299 656 2360 Ill.

134 2479 176 2522 ne
198 2479 407 2525 raocessrone
429 2481 470 2524 an
493 2481 665 2524 rnrnnnau
689 2483 851 2535 rucuma,
873 2483 912 2524 nr
937 2482 978 2522 ,ru
1078 2454 1088 2472 ’

315 2562 545 2606 rosrucrnnau
566 2562 798 2624 sracnrriruu.

125 2705 149 2764 l.
166 2705 398 2783 antiquissimae
413 2711 530 2769 suntin
545 2705 584 2790 (1)
599 2709 746 2779 Ecclesia,
764 2709 930 2786 etquidem
947 2709 1032 2786 longe

85 2794 151 2848 aute
172 2789 273 2848 datam
295 2788 447 2850 Ecclesiae
478 2809 583 2868 pacem
605 2792 733 2852 usitatae
762 2791 976 2852 aChristianis
997 2791 1035 2849 ad
1106 2855 1109 2864 ,

86 2870 300 2947 impetrandam
333 2871 488 2949 pluviam,
512 2873 767 2949 supplicationes,
798 2889 929 2949 eumque
952 2873 1035 2949 pium

86 2968 202 3012 morem
223 2953 304 3011 omni
327 2969 402 3013 aevo
423 2955 557 3015 servarit
578 2953 736 3022 Ecclesia,
754 2955 805 3015 ubi
820 2972 937 3032 pacem,
954 2960 1036 3015 trau-

86 3032 322 3112 quillitatemque
345 3038 556 3114 recuperavit,
581 3041 614 3097 ut
635 3037 802 3097 innumeris
831 3055 906 3113 peue
934 3039 1041 3098 erem-‘

88 3113 142 3190 plis
162 3117 282 3192 probari
306 3123 423 3195 posset,
447 3137 523 3195 quae
545 3119 574 3178 in
596 3119 730 3180 Historia
753 3116 983 3188 Ecclesiastica,
1006 3124 1036 3182 et

88 3196 116 3252 iu
137 3194 217 3258 vnis
237 3197 413 3260 Sanctorum
435 3206 608 3262 occurrunt.
632 3198 717 3262 Eliae
739 3202 931 3279 exemplum,
957 3203 1034 3277 quod

88 3274 179 3338 Vetus
194 3297 291 3357 aeque
312 3298 347 3341 ac
368 3279 487 3343 Novum
502 3281 728 3344 Testamentum
745 3284 886 3352 celebrat,
911 3301 928 3342 a
945 3285 1036 3364 maja·

89 3359 167 3420 rilaus
187 3363 296 3422 uostris
324 3381 516 3443 summopere
545 3365 788 3426 commendatum
811 3372 856 3429 est
878 3367 906 3425 iu
929 3363 1035 3444 trojus

97 3478 101 3481 ’
121 3493 157 3555 (1)
175 3496 212 3545 ue
230 3496 442 3553 Processionibns
460 3497 486 3547 iu
504 3496 545 3549 die
564 3503 640 3552 Festo
658 3498 851 3552 Purific'ationis
868 3502 898 3552 Β.
918 3499 1033 3562 Mariae,

91 3557 122 3612 de
138 3564 301 3616 Processione
320 3566 346 3616 in
367 3567 410 3618 dic
427 3566 598 3628 Palmarum,
618 3575 645 3618 ec
663 3567 689 3626 in
708 3571 783 3620 Festo
802 3570 828 3620 S·
848 3569 947 3627 Marci,
967 3575 992 3620 et
1007 3569 1034 3617 in

90 3626 165 3680 Festo
183 3631 344 3685 sanctissimi
362 3636 483 3703 Corporis
499 3635 612 3698 curten,
623 3634 682 3688 r'lde
702 3639 858 3690 Tractatum·
872 3635 904 3687 de
922 3637 1015 3690 Fastis.
1037 3677 1039 3682 .

222 3715 280 3770 Vol.
298 3719 321 3769 l.
847 3720 880 3771 13
