2567 4042
630 188 834 258 wib&-

260 323 342 378 ceret
364 316 393 376 in
415 315 564 386 Sacrario,
589 337 648 379 non
670 319 701 379 in
723 318 820 380 Alteri
838 339 846 389 3
868 322 976 394 atque,
999 315 1044 377 uti
1065 313 1156 376 bodie
1177 313 1211 375 iit

259 405 479 460 sacrasacstes
500 401 665 462 induerent
685 407 747 464 tam
769 399 905 469 Electus,
928 415 1020 475 quam
1043 395 1210 474 Episcopus

257 485 473 552 comessator,
497 481 623 560 ejusque
645 485 841 553 assistentes,
865 499 901 542 ac
923 480 1081 548 Ministri;
1105 484 1210 540 tume

252 561 394 622 vSacrario
421 563 459 622 ad
485 564 592 624 Altare
625 566 851 641 procederent,
885 565 914 624 id
943 563 1024 640 quod
1052 579 1092 622 cx
1119 560 1209 620 variis

260 639 485 705 Pontificalibus
515 646 623 708 deduci
654 653 763 722 potest.
790 647 858 708 blos
883 652 931 706 est
958 646 1080 719 insuper
1106 639 1210 704 Eccle

258 727 321 787 siae
343 727 511 800 antiquus,
541 731 575 789 nt
600 729 700 788 senior
729 728 957 796 assistentium,
989 726 1042 803 qui
1068 721 1208 784 Electum

258 806 467 869 Consecratori
491 809 632 878 offerunt,
649 811 749 888 ipsum
769 809 1021 872 Consecratorem
1036 807 1209 882 alloquatur

258 887 309 949 bis
331 886 443 948 verbis:
462 887 718 952 Reuerendissims
739 889 842 961 Pater,
855 891 991 971 postolat
1011 889 1128 951 &octa
1142 885 1209 948 Mo·

257 979 306 1031 ter
327 967 461 1032 Ecclesia
485 972 666 1043 Catholico,
689 981 725 1033 ct
744 973 823 1033 boos
847 981 1035 1052 praestatem
1057 967 1209 1049 Presbyte-

256 1069 326 1111 rum
348 1050 389 1109 ad
409 1071 483 1112 onos
498 1051 702 1134 Episcopatus
716 1055 880 1116 sublevetis.
897 1052 943 1113 Ex
965 1054 1001 1112 iis
1015 1053 1129 1121 verbis,
1146 1051 1209 1126 qni

257 1131 326 1202 bus,
350 1133 401 1209 qni
418 1131 555 1196 Electum
571 1140 742 1212 praesentat
755 1135 941 1202 (indicatori,
956 1135 1008 1201 ait,
1023 1144 1059 1194 nt
1080 1131 1122 1194 od
1136 1150 1208 1192 onos

255 1212 451 1294 Episcopatus
482 1233 554 1276 cum
575 1217 738 1289 sublevet,
761 1217 1005 1278 manifestissime
1031 1221 1158 1292 apparet
1179 1214 1207 1274 id
1276 1266 1278 1271 .

258 1297 338 1374 qnod
362 1297 449 1356 docet
470 1295 501 1357 S.
525 1296 714 1375 Augustinus
735 1300 802 1359 Lib.
819 1298 899 1360 xlx
918 1297 967 1358 Dc
988 1296 1118 1361 cision
1140 1295 1208 1363 nos

257 1377 427 1452 Cap.XlX,
440 1378 654 1458 Episcopaturn
670 1399 780 1442 nomeu
795 1399 862 1441 csse
875 1379 987 1458 operis,
1000 1397 1058 1439 non
1073 1378 1206 1438 bonoris

297 1457 337 1520 ll.
361 1458 455 1519 Prisci
477 1478 543 1520 esse
565 1463 702 1529 instituti,
719 1467 754 1524 ut
776 1463 874 1540 isqui
896 1463 926 1521 in
940 1459 1125 1538 Episcopum
1142 1477 1208 1520 con·

255 1541 420 1603 sacrandus
440 1546 495 1609 est,
519 1543 698 1604 confessioni
719 1543 830 1614 Fidei,
854 1549 886 1605 et
904 1542 1098 1621 promissioni
1120 1559 1208 1619 gene·

255 1621 311 1682 rali
332 1623 549 1684 servandorum
571 1624 753 1697 Canonium,
777 1643 954 1703 expressam
985 1625 1079 1685 etiam
1100 1623 1209 1702 adjun-

256 1707 342 1780 geret
362 1703 562 1764 obedientiam
584 1705 653 1766 Sedi
669 1706 872 1787 spostolicae.
895 1705 994 1779 Quam
1017 1705 1115 1776 verbo
1135 1704 1209 1764 cmi·

254 1790 356 1844 serant
370 1783 452 1845 Fidei
467 1783 703 1856 Confessiouem,
720 1790 860 1850 eamdem
882 1785 993 1864 scripto
1014 1787 1145 1848 reddere
1163 1784 1208 1864 ju·

254 1866 404 1927 bebantnr
425 1873 458 1927 ct
488 1887 579 1946 super
602 1867 708 1931 Altare
730 1869 860 1934 deterre.
889 1867 1060 1929 Eoniiacius
1080 1867 1208 1945 blogun·
1276 1924 1277 1927 ,

254 1949 335 2009 tinus
356 1945 521 2028 Episcopus
553 1967 639 2012 suam
661 1969 752 2030 snper
772 1969 882 2030 corpus
903 1949 935 2011 S.
959 1950 1037 2011 Petri
1060 1947 1207 2026 Principis

255 2029 485 2108 Apostolorum·
499 2031 618 2101 detulit,
635 2050 764 2110 eamque
785 2036 992 2109 repraesentat
1005 2031 1157 2092 Otblonns
1177 2031 1206 2089 in

254 2110 324 2191 ejus
345 2114 417 2183 vita,
433 2114 530 2192 capite
544 2113 631 2174 XIV.
646 2115 899 2192 Antiquissimum
914 2119 961 2173 est
974 2111 1115 2189 Episcopi
1138 2130 1206 2174 exa·

249 2211 335 2264 men,
359 2213 417 2254 non
433 2197 531 2258 solum
554 2197 584 2254 in
606 2196 765 2275 descriptis
786 2215 804 2256 a
823 2193 990 2257 Pontificali
1004 2196 1143 2256 Romano
1165 2193 1207 2254 in·

253 2278 516 2351 terrogationibus,
535 2275 702 2354 desumptis
724 2297 800 2419 plaerio
822 2277 1003 2339 adverbum
1024 2293 1063 2338 en
1083 2276 1207 2351 antiquo
1276 2328 1278 2337 ,

252 2354 366 2418 Ordine
388 2359 533 2430 Romano,
550 2365 582 2419 et
602 2359 708 2435 priscis
752 2359 953 2420 ontilicalibus
974 2357 1085 2427 Libris,
1103 2357 1155 2417 sed
1178 2360 1206 2414 et

254 2439 284 2496 in
315 2440 417 2500 multis
444 2440 510 2500 aliis
542 2439 717 2515 capitibus,
752 2443 795 2502 nti
828 2459 867 2504 ex
893 2438 1012 2502 Conone
1039 2437 1055 2498 l
1080 2436 1206 2499 Concilii

251 2516 495 2600 Carthaginiensis
517 2522 615 2599 quarti
631 2528 759 2583 constat.
775 2522 841 2584 Non
862 2539 936 2598 ergo
950 2521 1082 2582 secunda
1095 2517 1205 2580 Nicae-

252 2593 290 2660 na
302 2600 451 2680 Synodns‚
470 2604 512 2664 uti
534 2603 686 2664 existimat
699 2604 846 2673 blatteus,
862 2621 990 2664 examen
1011 2601 1091 2662 istud
1107 2603 1206 2677 primo

234 2685 454 2762 praescripsit,
470 2684 522 2746 sed
538 2689 645 2760 quarta
658 2683 911 2764 Carthaginensis.
929 2683 1012 2744 istud
1028 2700 1120 2760 porro
1134 2699 1206 2744 exa·
1276 2734 1277 2741 ,

251 2783 334 2836 men,
358 2765 436 2842 quod
460 2767 524 2842 ipso
546 2765 748 2827 Ordinationis
769 2768 818 2828 die
840 2771 907 2844 post
928 2763 1039 2825 Missae
1060 2763 1205 2824 solemnis

251 2845 412 2910 introitum
449 2845 617 2909 iaciendum
654 2849 865 2924 praescribunt
897 2844 1088 2906 Pontificales
1119 2844 1204 2906 Libri

250 2929 478 3009 quamplurimi,
496 2929 567 2988 olim
589 2927 668 2990 feria
680 2936 765 2991 sexta
779 2937 848 2992 ante
862 2927 1107 2992 Ordinationcm,
1125 2943 1205 3003 qnae

198 3081 201 3086 ¹
249 3011 297 3072 die
314 3009 469 3072 Dominica
490 3009 636 3070 celebrari
657 3006 789 3082 solebat,
806 3009 1019 3088 peragebatur:
1042 3007 1153 3069 saltem
1174 3007 1205 3067 id

250 3093 418 3170 colligimus
439 3107 476 3152 ex
498 3093 636 3152 examine
649 3094 827 3164 Williberti,
844 3088 1031 3166 Catanlcnsis
1045 3086 1202 3167 Episcopi,
1276 3106 1277 3161 ρ

242 3176 302 3251 qui
331 3171 381 3234 illa
404 3172 451 3234 die
474 3172 533 3234 luit
553 3174 751 3234 examinatus.
774 3173 810 3236 In
832 3169 996 3234 Pontificali
1018 3169 1203 3239 Bisuntin0‚
1276 3208 1277 3221 ι

248 3256 285 3317 ad
318 3273 405 3316 nsum
428 3254 611 3316 Turonensis
632 3252 785 3316 Ecclesiae
807 3253 1023 3323 accomodate,
1045 3250 1203 3314 electionis
1276 3248 1277 3323 l

248 3337 372 3414 quidem
405 3353 532 3398 eramen
552 3335 626 3398 teria
649 3341 760 3409 sexta,
782 3335 1035 3413 interrogationes
1066 3351 1141 3394 nero
1163 3334 1203 3394 de
1276 3326 1277 3411 l

247 3416 321 3480 Fide
343 3421 408 3496 ipsa
430 3419 477 3480 die
492 3417 695 3478 ordinationis
716 3425 785 3480 ante
794 3419 922 3480 Missam
946 3415 1100 3486 iaciendas
1116 3432 1202 3492 prae
1276 3424 1277 3479 l

248 3501 433 3562 scribuntur.
457 3499 502 3560 lle
516 3499 638 3560 Litaniis
662 3499 691 3558 in
712 3499 907 3561 ordinatione
921 3496 1204 3576 Episcoporumdi
1276 3482 1277 3571 l

247 3583 350 3646 condis
382 3581 458 3643 baec
490 3581 582 3643 babet
602 3578 686 3641 Ordo
713 3579 893 3644 Romanus:
923 3577 1063 3661 Incipiat.
1082 3576 1204 3642 Chorus
