2567 4042
597 181 822 290 micenae·

229 349 374 426 tegiatae,
399 347 568 408 Nativitatis
591 347 728 417 Domini,
759 347 969 410 Ascensionis,
993 355 1026 406 et
1047 348 1181 407 aliorum
1269 371 1270 408 1

226 431 392 499 festorum,
418 433 494 492 inira
516 448 590 506 ques
611 427 718 490 sitnon
741 435 857 488 lantum
879 431 915 488 de
937 427 1025 490 Festo
1048 427 1178 506 Duplici,
1269 419 1270 482 l

226 521 257 574 et
278 511 469 590 semiduplici
493 530 685 590 quocumque
707 517 777 573 tunc
799 517 988 580 occurrente,
1013 511 1065 570 sed
1088 513 1182 571 etiam

225 597 262 654 de
284 594 402 672 Duplici
425 613 615 671 quocumque
638 595 793 654 translato.
1269 593 1270 607 ¹

265 675 319 736 lv.
345 676 468 736 Diernm
490 675 565 735 inira
581 677 725 737 Octavam
748 675 886 736 Officium
909 681 954 736 est
975 674 1178 752 semiduplex,
1269 671 1270 692 ³

224 759 356 836 exceptis
380 761 482 834 primis
506 758 621 819 duobus
650 762 716 836 pust
738 757 871 827 Pascha,
905 765 937 818 et
959 757 1178 824 Pentecosten,
1269 771 1270 830 ff

223 858 353 918 quorum
368 839 508 900 Officium
525 841 637 917 duplex
653 847 708 900 est.
725 840 795 899 Tria
810 841 965 912 signantur
986 846 1126 916 tempora
1147 841 1180 898 in
1269 843 1270 906 ἒ

224 923 331 1000 uiribus
353 925 527 983 interdictae
549 931 617 984 sunt
649 921 792 982 Octavae.
825 922 958 981 Primum
982 928 1028 982 est
1057 927 1180 998 tempus
1269 911 1270 944 ³

222 1005 485 1082 Quadragesimae,
510 1007 568 1064 hoc
590 998 635 1066 est
657 1007 761 1065 aleria
785 1011 892 1080 quarta
913 1003 1059 1064 Cinerum
1080 1022 1180 1080 usque

223 1085 259 1144 ad
275 1085 419 1147 Octavam
435 1087 566 1148 Paschae
589 1089 743 1161 inclusive.
768 1085 843 1144 Nam
868 1095 900 1147 ut
915 1093 997 1147 recte
1019 1088 1179 1146 ratiocina-

223 1174 270 1228 tur
284 1166 448 1236 Gavantus,
472 1171 496 1229 si
518 1190 534 1229 a
550 1168 646 1230 Festis
670 1170 697 1226 in
713 1167 949 1245 Quadragesima
964 1172 1180 1229 convenienter

223 1249 390 1312 abstinetur
412 1272 449 1312 en·
464 1251 588 1313 Concilii
612 1251 802 1311 laodicensis
824 1269 936 1310 canone
959 1252 1062 1326 quinto
1084 1254 1180 1311 relato
1269 1259 1270 1312 1

222 1330 294 1390 Can.
319 1331 384 1402 Noc
406 1343 541 1414 apertu:
564 1341 673 1410 quantu
697 1335 792 1409 magis
814 1334 851 1393 ab
873 1333 1007 1397 Octavis,
1029 1351 1110 1408 quae
1132 1335 1178 1392 ni-

223 1413 265 1472 hil
289 1416 367 1474 alind
385 1423 453 1475 sunt
476 1434 564 1490 qivam
582 1417 727 1476 testarum
744 1413 1180 1493 prorogationest·Secnndum
1269 1413 1270 1450 l

222 1501 340 1573 tenipus
355 1504 400 1557 cst
416 1498 581 1565 Adventus,
606 1516 662 1556 nun
679 1497 798 1572 quidem
815 1499 948 1564 omnino,
972 1496 1023 1555 sed
1039 1515 1055 1556 a
1071 1499 1119 1558 die
1138 1495 1180 1557 17
1269 1493 1270 1584 l

221 1575 397 1638 Decembris
421 1599 514 1656 usqne
537 1581 572 1638 ad
595 1582 674 1639 diem
699 1577 893 1655 Epiphaniae,
919 1579 988 1654 quia
1012 1580 1049 1637 ab
1069 1599 1106 1640 cc
1126 1581 1177 1640 die
1268 1589 1270 1614 ¹

222 1660 365 1736 incipiunt
388 1659 574 1739 Antiphonae
603 1661 814 1740 privilegiatae.
840 1661 984 1721 Similiter
1003 1661 1108 1722 inutile
1130 1665 1178 1721 vi·

221 1759 288 1800 sum
304 1747 349 1801 est
371 1759 420 1801 cas
438 1746 610 1818 permittere
634 1749 700 1820 post
712 1742 905 1802 Nativitatem
930 1759 1025 1817 usquc
1048 1744 1085 1802 ad
1101 1741 1174 1821 Epi-

221 1821 373 1898 pheniam
399 1843 434 1883 eo
458 1826 536 1902 quod
558 1826 621 1884 dies
638 1844 741 1886 omnes
763 1842 797 1883 ac
813 1825 920 1902 singuli
944 1825 1097 1900 proprium
1118 1826 1176 1886 ha-

225 1907 295 1966 bent
309 1905 449 1966 Officium
475 1909 555 1966 nullo
572 1909 660 1967 modu
682 1907 892 1973 omittendum,
909 1908 951 1967 uti
967 1907 1175 1969 observatGa·

221 1995 340 2048 vanius
367 1987 502 2048 Tertium
526 1996 645 2066 tempus
667 2007 727 2064 quo
749 1988 937 2049 interdicitur
958 1987 1101 2057 O'ctavis,
1127 1998 1177 2050 est

220 2071 368 2146 aVigilia
401 2068 590 2132 Pentecostes
613 2090 706 2148 usque
739 2072 776 2130 ad
796 2069 921 2131 Festum
944 2069 1175 2132 Trinitatis-in-

219 2153 344 2212 clusive.
1122 2157 1124 2163 ’

559 2313 687 2376 CAPUT
708 2314 824 2376 XXlll.
856 2340 859 2344 ·

577 2497 619 2539 DE
640 2495 813 2565 pontilicis.

261 2640 286 2700 l.
310 2638 431 2718 Optime
454 2641 593 2702 observat
613 2641 766 2704 Henricus
786 2641 883 2702 Pisart
910 2643 938 2700 in
960 2660 1015 2701 sno
1029 2639 1174 2703 Directo·

219 2723 267 2782 rin
285 2721 438 2786 Canopico
460 2724 505 2783 Ad
523 2725 568 2784 tit.
584 2723 626 2786 lV
649 2723 684 2784 dc
699 2725 875 2793 Dominicis,
898 2725 976 2801 quod
998 2725 1079 2783 sicut
1098 2724 1173 2784 clim

218 2804 299 2865 Deus
321 2805 470 2883 completo
492 2824 583 2884 opere
619 2809 649 2867 in
670 2806 827 2868 Creatinne
849 2805 955 2866 Mundi
976 2823 1029 2866 sex
1050 2805 1173 2866 dierum

217 2888 338 2964 spatio,
364 2888 516 2948 benedixit
548 2888 606 2948 diei
630 2891 758 2968 septimo
790 2895 820 2949 et
840 2887 1038 2948 sanctificarit
1058 2887 1172 2957 illum;

217 2971 257 3030 ita
279 2977 415 3029 recreato
437 2975 467 3030 et
489 2969 642 3049 redempto
666 2989 718 3047 per
741 2970 839 3031 lesum
855 2970 1009 3032 Christum
1033 2969 1170 3039 mundo,

215 3049 418 3112 sanctificatus
450 3051 517 3124 fuit
539 3053 602 3114 dies
636 3053 873 3114 Resurrectionis
909 3051 997 3130 ejus,
1032 3047 1172 3113 Festum-

216 3151 276 3210 que
300 3132 420 3194 Sabbati
444 3135 473 3192 in
496 3134 575 3194 hunc
598 3135 695 3203 diem,
725 3135 776 3211 qui
797 3135 971 3194 Dominicus
993 3135 1089 3194 dictus
1110 3139 1171 3204 est,

215 3229 234 3275 a
256 3214 374 3276 Christo
388 3211 427 3276 'et
448 3213 600 3294 Apostolis
622 3217 679 3279 luit
701 3217 888 3278 translatum.
911 3214 1092 3276 Primavium
1115 3216 1174 3294 igi-

215 3301 267 3356 tur
290 3297 451 3376 objectum,
476 3299 554 3374 quod
577 3301 772 3380 translatione
795 3299 914 3358 Sabbati
937 3296 965 3356 in
982 3297 1173 3358 Dominicam

217 3377 298 3436 diem
326 3385 494 3454 spectatum
517 3386 587 3451 cst,
612 3383 641 3441 in
671 3399 707 3441 eu
737 3387 782 3442 est
808 3381 996 3459 repositum,
1019 3385 1053 3441 ut
1074 3376 1177 3442 Salva·

218 3460 291 3518 toris
319 3458 423 3519 Mundi
452 3465 631 3524 resurrectio
664 3464 861 3524 colereretur.
896 3462 1069 3523 Dominicae
1096 3461 1176 3524 vero

220 3537 376 3614 appellatio
408 3541 544 3620 ejusdem
572 3552 617 3604 est
649 3547 902 3621 antiquitatis.ac
925 3540 988 3620 ipsa
1019 3541 1169 3607 Ecclesia.

171 3663 177 3678 .
217 3617 424 3696 Evangelistae
441 3629 541 3685 autern
557 3626 638 3688 illam
654 3645 747 3688 unam
763 3627 884 3689 sabbati
898 3631 1016 3695 vocant,
1040 3644 1092 3688 seu
1109 3628 1176 3706 pri·
