2567 4042
582 205 807 278 *totm-

214 348 364 408 mentum,
388 344 419 400 et
440 355 561 398 omnem
584 353 723 413 saporem
746 336 914 407 suavitatis,
937 335 1013 396 adeo
1034 341 1069 396 ut
1090 336 1164 399 nulla

216 427 255 489 sit
275 423 402 500 materia
423 420 520 480 laudis
541 419 662 478 divinae
683 433 773 496 quam
797 436 856 478 oon
877 419 1029 486 evolvant,
1054 420 1166 480 nullum

215 505 396 585 mysterium
418 519 539 562 sacrum
562 500 644 576 quod
667 509 725 560 oon
740 501 924 576 praedicent,
948 495 1171 577 nulla't'irtutis'

215 589 344 668 specics,
368 583 721 659 nullumquesanctitatis
742 582 853 649 decus·
867 583 947 660 quod
969 583 1167 660 singularibus

215 668 383 752 praeconiis
406 666 514 743 passim
537 682 597 724 noo
618 670 791 735 exornent;
821 665 861 725 ita
885 669 921 724 ut
942 683 999 725 oon
1022 667 1171 726 immerito
1244 732 1245 735 Ἴ

217 754 344 815 Sanctus
359 747 496 808 Nicetius
517 744 683 824 Episcopus
705 747 735 805 in
757 747 842 807 brevi
866 745 966 806 libello
987 748 1025 805 de
1040 745 1172 806 Psalmo·

218 834 286 896 diac
308 834 381 892 bono
405 829 479 906 Cap.
503 827 516 888 l
538 829 779 890 exclamaverit:
803 826 892 904 'Qrtr'd
916 830 951 886 ιἰι
978 829 1024 887 bis
1046 829 1172 904 pruinis

216 933 277 980 non
291 913 422 974 inuenies
438 910 517 990 quod
530 911 628 987 facim
642 908 683 968 od
698 911 863 985 utilitatem
879 919 908 969 ct
922 909 1169 990 aedificationem,
1245 916 1246 949 ³

218 995 259 1058 ud
282 989 514 1064 ¹'coris'o'totr'oncnr
539 993 667 1058 bomani
693 993 832 1070 pencris„
845 992 1027 1054 conditionis
1040 1033 1048 1062 ,
1060 1022 1064 1028 ·
1076 1009 1171 1064 accus,

238 1075 352 1138 naris?
1246 1114 1247 1129 ι

218 1097 314 1220 alV.
339 1141 507 1216 Psalmodia
540 1156 621 1216 omni
643 1172 719 1214 aero
741 1155 927 1232 potissimam
955 1153 1053 1214 Officii
1078 1152 1172 1219 Dirin'i

219 1244 335 1320 partem
352 1238 517 1306 constituit,
540 1243 629 1314 atque
641 1237 736 1296 bodie
753 1237 844 1296 etiam
861 1237 955 1296 borae
970 1254 1076 1297 omnes
1091 1243 1172 1296 corto

219 1321 405 1402 psalmorum
429 1337 554 1381 numero
569 1323 715 1380 constant.
733 1316 899 1378 Psalmodia
920 1319 1084 1402 praecipua
1100 1335 1175 1378 seor·

219 1422 275 1482 per
297 1403 352 1482 luit
373 1400 610 1462 Christianarum
634 1417 761 1478 precum
783 1418 869 1478 pars,
893 1401 972 1478 quod
995 1403 1024 1459 in
1046 1400 1077 1457 id
1099 1417 1177 1462 sema

220 1504 275 1564 per
297 1485 401 1544 intenti
432 1482 554 1550 luerint,
578 1490 612 1544 ul
633 1502 651 1543 e
674 1481 830 1558 Scriptura
852 1488 990 1558 peterent
1012 1499 1117 1559 preces
1140 1479 1175 1540 ad
1248 1492 1249 1497 ’

220 1567 319 1628 Deum
341 1565 518 1633 lundendas,
541 1558 681 1640 eumque
691 1564 860 1632 laudarent,
883 1583 920 1625 ea
937 1566 1063 1630 ratione,
1088 1580 1174 1639 quam

221 1647 351 1726 Spiritus
372 1647 496 1708 Sanctus
527 1647 670 1707 divinitus
689 1645 856 1722 inspiravit.
884 1646 1063 1724 Complures
1080 1646 1175 1719 ⁸etiarn
1249 1638 1250 1661 ¹

221 1727 398 1792 Psalterium
409 1734 513 1794 ¹toturn
528 1726 662 1804 quotidie
678 1728 855 1788 recitabant.
880 1725 1090 1789 Postllavidis
1104 1732 1178 1788 tern-

221 1828 297 1890 pora
323 1810 359 1868 ad
381 1816 512 1870 nostram
535 1827 631 1886 usque
645 1816 775 1870 aetatem
797 1812 903 1888 psalmi
927 1813 1043 1888 piarum
1067 1811 1178 1868 anima·
1250 1796 1251 1861 Ῐ

221 1911 292 1954 rum
314 1891 433 1952 delitiae
456 1891 540 1952 lucro
562 1897 624 1952 tam
649 1891 679 1950 in
702 1890 886 1968 synagoga,
910 1911 1002 1969 quam
1024 1892 1054 1948 in
1077 1889 1179 1952 Eccle-

223 1977 279 2036 sia.
304 1973 366 2035 Lex
388 1979 490 2034 autem
522 1973 634 2049 ubique
665 1973 730 2033 lere
752 1974 898 2050 vigebat,
923 1980 957 2034 ut
978 1972 1179 2034 Ecclesiastici
1251 2006 1252 2037 2

224 2063 256 2117 et
270 2055 411 2116 blonachi
422 2055 600 2127 Psalterium
612 2055 780 2114 memoriae
794 2057 980 2116 mandarent.
996 2055 1108 2128 Quanti
1119 2073 1180 2115 mo·

224 2139 320 2200 menti
336 2141 416 2197 esset
431 2137 509 2214 apud
525 2141 643 2214 veteres
657 2136 732 2196 baec
746 2136 914 2213 diminitum
931 2143 966 2198 ut
978 2138 1092 2199 Clerici
1102 2135 1180 2196 Psal-

226 2221 337 2280 teriurn
361 2220 456 2279 tot'urn
486 2220 587 2280 animo
612 2219 803 2295 perciperent
827 2226 858 2278 et
886 2219 1182 2279 memoriacustodi·

225 2308 303 2367 rent,
328 2299 479 2377 praeclare
500 2301 703 2369 demonstrat,
727 2299 807 2374 quod
828 2300 958 2378 legimus
979 2302 1017 2361 dc
1039 2300 1181 2380 Gregorio

225 2381 355 2460 Magno,
382 2384 435 2459 qui
464 2382 648 2462 Episcopum
673 2380 811 2442 ordinare
840 2387 993 2444 recusavit
1016 2383 1182 2444 iohannem

225 2465 454 2543 Presbyterum,
472 2469 575 2541 utpote
592 2464 780 2542 psalmorum
795 2467 945 2525 nescium:
962 2471 993 2525 et
1007 2466 1037 2526 id
1052 2466 1184 2526 babetur

227 2547 258 2606 in
272 2545 409 2624 ejusdem
426 2546 574 2608 Pontificis
590 2543 724 2624 Epistola
741 2541 782 2602 bb
797 2545 862 2605 Lib.
887 2546 942 2606 lv.
958 2547 1042 2607 ldem
1058 2547 1183 2608 Sanctis-

227 2628 322 2688 simus
343 2625 478 2690 Pontilex
508 2635 669 2704 antequam
694 2627 865 2704 quempiam
889 2630 1042 2690 ordinaret
1061 2628 1183 2707 Episco-

228 2725 314 2787 pum,
331 2709 501 2785 inquirebat
514 2730 552 2772 an
569 2709 701 2786 psalmos
723 2710 900 2771 memoriter
922 2715 1038 2772 teneret
1060 2729 1114 2770 nec
1136 2727 1182 2778 ne,

228 2795 263 2852 ut
284 2788 431 2868 colligitur
458 2811 495 2853 ex
518 2791 654 2871 Epistola
680 2789 721 2852 at
745 2789 813 2850 Lib.
838 2791 913 2852 Vlll
938 2794 975 2852 ad
1001 2791 1183 2870 Episcopum

229 2870 383 2934 Clusinum
397 2874 434 2933 de
444 2873 554 2936 loanne
565 2874 700 2935 Diacono
710 2875 917 2952 promovendo
928 2876 958 2934 in
970 2875 1183 2952 Episcopatum

230 2953 522 3032 Balneoregiensenr,
546 2956 595 3018 ubi
618 2955 693 3016 baec
717 2953 849 3015 scribit:
876 2955 1103 3036 Requircndum
1117 2973 1183 3034 quo·

230 3054 285 3114 quc
300 3046 351 3105 est,
369 3037 396 3097 si
409 3040 537 3119 inopere
549 3035 752 3098 Delatudium
767 3035 883 3108 babuit,
895 3043 941 3100 ccl
949 3041 1080 3120 psalmos
1093 3038 1181 3098 norit.

229 3117 270 3178 Et
291 3119 319 3176 in
336 3115 469 3194 Epistola
492 3126 577 3181 sexta
597 3118 681 3178 Libri
695 3117 756 3178 xil
772 3116 911 3191 babetur,
936 3122 1014 3197 quod
1030 3123 1068 3181 ab
1083 3119 1184 3181 codem

230 3195 373 3259 Pontifioe
395 3203 534 3277 repulsus
554 3201 611 3262 luit
642 3201 682 3260 ab
704 3197 887 3278 Episcopatu
914 3204 1120 3272 ducenteno,
1147 3193 1183 3259 ad

231 3297 321 3374 quern
345 3288 410 3343 erat
430 3282 556 3355 clectus,
573 3283 716 3343 Rusticus
731 3281 894 3351 Diaconos,
909 3287 981 3362 quia
1003 3286 1183 3364 psalmorum

231 3360 1184 3527 lttittttllttitttt”ttettttsttlztt

232 3521 370 3604 synodus
385 3524 516 3589 Nicaena
531 3530 571 3591 ll.
592 3528 663 3592 Hoc
687 3530 769 3591 idern
790 3531 934 3608 antiquae
955 3531 1125 3609 disciplinae
1139 3541 1184 3585 ca·

231 3611 287 3686 put
301 3623 379 3668 auno
392 3605 455 3683 889
479 3612 541 3676 suis
562 3611 755 3691 Presbyteris
778 3614 1006 3676 commendarat
1025 3608 1183 3690 arculphus
