2567 4042
629 205 856 278 *396*

264 339 357 400 'boris
378 336 519 418 Hymnus
541 334 697 413 praecedit
715 335 866 405 Psalmos‚
890 337 966 414 quia,
980 332 1221 410 carrisquotidia·

272 423 317 481 nis
339 427 519 496 occupatum
552 435 604 476 cor
631 418 669 476 ad
690 417 877 478 dulcedinem
909 419 999 477 divini
1029 416 1144 477 arnaria
1171 415 1222 491 by·

271 504 372 564 moico
394 505 573 580 personante
594 505 742 559 concentu
758 501 872 560 retrahi
887 500 988 559 debet.
1003 499 1047 558 lle
1064 498 1121 556 bac
1136 515 1170 558 re
1181 496 1221 552 ai-

271 587 335 648 deri
354 590 474 660 possunt
489 581 655 642 Cardinalis
676 581 770 647 Rana,
783 582 819 640 de
832 583 951 642 Divisa
959 578 1135 641 Psalmodia
1155 575 1220 652 Cap.

272 668 312 728 16
334 673 354 738 t
375 665 407 736 93
432 664 595 726 Cardinalis
618 663 810 729 Thamusida,
832 667 868 724 in
889 662 1083 739 Praefatione
1104 660 1146 720 ad
1167 658 1224 736 Ha·

266 749 438 815 senarium·
459 746 584 806 loannes
604 741 768 812 Elissaeas,
792 742 855 804 Lib.
870 744 909 805 11
920 743 1096 804 Etesiarum
1109 763 1119 810 ;
1134 739 1223 800 nice

264 831 337 891 laus
359 829 396 890 de
419 829 551 906 Nourry,
575 827 610 884 in
625 825 788 906 Apparata
801 826 844 886 ad
858 825 1071 886 Bibliothecam
1087 823 1224 887 Petrum·

270 911 433 971 Anacletus
456 910 569 973 Siccus,
593 907 638 968 De
661 907 867 969 Ecclcmnica
888 907 1086 987 laqueum,-
1107 903 1225 965 Carolus

270 991 431 1072 Guyetns,
456 991 650 1066 Heartolopia
674 993 734 1051 siae
758 990 794 1049 dc
808 988 904 1050 Pestis
926 991 1061 1070 propriis
1087 989 1223 1049 meorum,

270 1075 361 1134 Liber
382 1075 491 1134 tertius
512 1071 610 1149 Caput
632 1070 669 1131 V.

653 1231 780 1295 CAPUT
800 1234 858 1296 xl.

613 1415 657 1458 nn
679 1403 884 1458 suaseramus,

313 1562 334 1624 l.
360 1559 532 1636 Antiphona
548 1579 690 1636 graecum
707 1567 753 1620 est
767 1561 949 1623 vocabulum
973 1579 1010 1620 ex
1025 1557 1226 1635 propositione

272 1659 307 1703 ac
330 1639 659 1711 nomineconllatum:
687 1641 769 1707 Φωνη
792 1661 921 1718 namque
943 1659 1068 1704 uocem.
1094 1638 1226 1718 proposi·

271 1726 314 1783 tio
336 1728 437 1782 autem
463 1743 532 1779 aver
565 1724 774 1804 oppositionem
797 1723 1092 1799 vicissitudinumque
1120 1716 1225 1798 signifi-

271 1807 336 1865 cat.'
353 1803 433 1864 ilinc
449 1805 622 1880 Antiphone
644 1823 702 1864 vox
724 1806 901 1882 intelligitur
924 1806 1089 1880 reciproca.
1114 1803 1223 1877 Quan-
1257 1838 1258 1841 =

270 1888 317 1946 vis
340 1887 477 1946 vocabuli
501 1888 620 1948 notione
642 1889 787 1963 inspecta,
802 1905 921 1948 ¹uocum
938 1888 1160 1962 oppositionem
1175 1885 1225 1943 im·

271 1975 392 2045 portare
414 1970 552 2029 videatur
568 1969 752 2044 Antiphona‚
777 1969 856 2045 apud
880 1968 1105 2028 Ecclesiasticus
1129 1974 1222 2028 manen

271 2051 431 2127 scriptores
460 2067 514 2127 pro
537 2067 571 2109 ca
596 2056 712 2112 tantum
734 2067 846 2110 vocum
868 2051 1105 2126 reciprocatione
1125 2047 1225 2123 accipi-

267 2137 342 2196 tur,
367 2150 426 2207 qpa
449 2131 509 2191 bini
532 2129 694 2192 Cantorum
715 2129 808 2191 Cbori
841 2138 964 2192 cantum
986 2134 1162 2200 alternant,
1189 2128 1224 2187 ita

264 2219 305 2272 ut
326 2211 443 2273 Chorus
465 2211 566 2272 Charo
588 2214 779 2290 respondeat.
804 2211 838 2272 ln
859 2213 955 2273 veteri
977 2214 1173 2274 'testamento
1192 2227 1223 2270 ex

264 2291 412 2353 ilavidica
436 2296 618 2354 institutione
641 2295 764 2357 Levitae
796 2296 824 2352 in
847 2299 908 2354 tres
930 2293 1049 2355 Chorus
1081 2291 1224 2354 distributi

270 2379 419 2436 canebant
433 2395 533 2435 coram
546 2376 755 2437 Tabernacuio
770 2375 959 2436 Testimonii.
983 2376 1072 2451 sorau
1087 2373 1224 2436 Cbristia·

271 2475 326 2518 nos
348 2460 480 2516 alternus
505 2459 687 2533 psalmorum
710 2463 815 2518 cantus
837 2476 891 2534 per
913 2459 990 2518 duos
1011 2459 1123 2516 cbores
1137 2455 1224 2517 serius

270 2545 316 2599 est
340 2539 538 2599 introductas.
563 2538 655 2599 Primi
678 2541 728 2616 qui
752 2540 884 2615 psalmos
908 2539 985 2598 binis
1006 2541 1110 2598 choris
1133 2537 1224 2599 cenci·
1257 2586 1258 2591 1

270 2621 384 2680 nendos
397 2623 563 2689 instituere,
578 2622 703 2681 luerunt
713 2619 872 2680 Flavianus
883 2626 915 2680 et
925 2617 1089 2689 Diodorus,
1103 2619 1224 2680 saua-

271 2703 353 2761 nasio
375 2704 525 2776 aequales
544 2701 600 2762 Isti
614 2721 742 2780 nomque
752 2703 860 2779 primi,
878 2710 912 2761 ut
932 2703 1037 2761 scribit
1057 2702 1224 2762 Theodore-

266 2787 319 2842 ·tus
341 2780 506 2860 Episcopus
529 2781 599 2861 Cyri
622 2783 699 2861 apud
721 2784 887 2843 Historiam
911 2783 1107 2862 Tripartitam
1131 2781 1220 2844 Lib.V

269 2861 342 2940 Cap.
367 2863 417 2931 32,
442 2867 476 2922 in
491 2864 566 2923 dnos
589 2875 690 2940 partes
707 2865 818 2927 Cboros
842 2867 1037 2943 psallentium
1051 2865 1219 2931 dividentes,

271 2963 310 3004 acc
325 2944 505 3004 successione
520 2945 704 3006 Ilooidicam
718 2945 877 3007 melodiam
900 2959 1024 3008 cantare
1040 2947 1221 3014 docueram

271 3037 299 3086 et
313 3027 373 3085 boc·
392 3027 425 3084 in
442 3024 601 3086 Antiochia
624 3028 768 3106 primitus
781 3027 850 3108 fieri
866 3030 969 3106 coepit,
998 3038 1026 3087 ot
1050 3029 1219 3106 dispersum,

266 3107 311 3167 ad
326 3108 468 3167 terminos
491 3110 582 3167 totins
601 3106 689 3168 Orbis
710 3128 802 3186 usqae
822 3113 968 3188 persenit.
992 3110 1068 3171 Vide
1092 3111 1123 3170 S·
1148 3109 1220 3170 Basi-

270 3187 364 3256 lium‚
388 3187 524 3266 Epistola
541 3189 581 3248 ad
599 3188 731 3251 Clericos
745 3189 1036 3260 Neocaesarienses3
1060 3193 1218 3255 Sidonium,

269 3266 333 3329 Lib.
360 3268 536 3348 VEpisiola
561 3270 622 3340 17,·
643 3269 882 3342 cassiodorum,
912 3273 940 3330 in
964 3275 1117 3349 psalmom
1139 3273 1177 3333 32
1193 3280 1219 3332 et

269 3348 343 3409 alias
365 3353 485 3428 passim.
510 3351 540 3411 S.
556 3352 733 3412 Ambrosius
755 3355 873 3431 primus
894 3353 1024 3416 instituit
1039 3356 1218 3431 Antiphanes

269 3430 299 3489 in
316 3427 447 3490 Ecclesia
471 3432 706 3502 Mediolanensi3
730 3434 827 3508 inquit
847 3436 927 3494 enim
951 3435 1095 3499 Paulinus
1117 3440 1145 3496 io
1160 3435 1217 3512 ejus

269 3511 342 3570 vita:
365 3509 427 3570 Hoc
447 3513 481 3571 in
497 3524 628 3592 tempore
639 3517 743 3593 prime
757 3513 956 3594 Antiphonem,
983 3519 1089 3598 tymni
1103 3529 1131 3580 et
1148 3519 1217 3594 Vipi-

272 3593 331 3652 liae
346 3595 379 3650 in
399 3591 526 3654 Ecclesia
542 3593 762 3657 Mediolanensi
776 3599 923 3685 celebrari
936 3611 1120 3678 coeperunt:
1142 3603 1216 3681 cujas
