2567 4042
595 197 737 269 βιιθὸῖθθ
760 205 821 268 tter·

163 364 166 368 »
242 324 290 386 Ex
311 327 421 404 quibus
442 329 552 388 merito
574 326 665 387 inlert
679 325 842 387 Menardns
862 328 891 386 in
906 323 990 386 Notis
1012 327 1050 385 ad
1072 325 1192 385 librum
1256 329 1257 392 l

243 407 509 469 sacramentorum
533 408 563 469 S.
589 408 730 486 Gregorii
751 409 869 487 Papae,
894 410 1007 484 priscos
1040 409 1196 485 scriptores

241 489 398 568 sylvestro
420 491 618 568 antiquiores,
644 491 694 550 nbi
716 490 754 550 de
776 491 927 560 unctione,
951 507 1004 549 scu
1027 487 1194 549 Cbrlsmale

245 573 363 647 loquuti
384 577 479 642 sunt,
503 571 712 648 intelligendos
734 589 799 632 esso
827 571 864 631 dc
886 569 1129 631 Confirmationis
1149 569 1193 629 Sa·
1256 583 1257 654 J

243 658 419 725 orament03
443 655 566 730 etquis
588 653 698 713 Graeci
721 658 824 714 carent
848 653 981 715 verticuli
1005 653 1149 712 unctione
1169 653 1194 709 in

243 735 419 812 baptismo,
442 754 550 796 eorum
572 735 678 795 Patres
700 737 858 811 antiquos,
882 752 977 811 quum
999 735 1036 796 ds
1060 733 1195 806 unctione

243 813 420 878 Chrismatis
442 824 541 894 agant,
558 818 596 878 de
611 817 660 876 illa
684 833 762 892 qnae
778 816 811 876 fit
829 817 974 876 infrenis
995 818 1033 876 ab
1049 813 1195 891 Episcopo

244 915 311 958 esso
326 898 574 974 interpretandos.
588 899 675 959 Circa
692 898 767 958 banc
783 899 953 958 unctionem
970 896 1030 958 duo
1045 896 1110 975 jam
1124 897 1194 956 scitu

244 980 332 1057 digna
359 979 515 1041 adnotavit
541 980 677 1040 Marione
704 978 808 1040 Lib.l
838 978 910 1055 Cap.
936 978 950 1038 l
977 979 1118 1056 Adiculo
1140 974 1195 1036 XV

246 1079 331 1120 num.
349 1059 393 1121 lll
415 1069 446 1122 et
466 1059 521 1121 Ν.
545 1063 681 1121 Primum
704 1067 760 1127 est,
785 1077 842 1120 non
865 1062 902 1120 ab
925 1062 988 1137 ipso
1009 1059 1197 1136 Baptismatis

249 1141 409 1208 Ministro,
432 1142 484 1204 sed
506 1145 545 1203 ab
567 1145 625 1204 alio
647 1140 826 1221 Presbytero
849 1147 1000 1219 pernetam
1024 1141 1118 1201 luisse
1138 1157 1198 1199 eam

247 1223 429 1285 chrismatis
456 1228 628 1286 unctionem
658 1225 686 1282 in
710 1223 869 1304 baptizato.
894 1223 982 1284 Ratio
1004 1229 1110 1301 autem
1139 1221 1199 1298 ojus

246 1306 326 1365 ritus
342 1304 427 1372 luit,
450 1307 528 1382 quod
552 1311 674 1384 propter
697 1306 943 1380 baptizandorum
973 1305 1196 1365 multitudinem

251 1404 330 1447 unrrs
352 1386 476 1446 elidem
492 1388 696 1463 attingendis,
720 1390 752 1447 et
773 1387 908 1448 liniendis
930 1387 1071 1446 omnibns
1093 1385 1198 1446 satista-

248 1485 320 1529 cere
341 1486 401 1548 non
422 1475 553 1545 possent.
571 1471 710 1529 Alterum
733 1485 807 1530 vero
831 1474 932 1530 notatu
955 1469 1080 1546 dignum
1106 1472 1152 1528 est
1170 1467 1200 1526 il·

248 1549 312 1616 lud,
329 1568 367 1610 ex
383 1549 569 1610 institutione
590 1550 622 1610 S.
636 1549 784 1628 Sylvestri
804 1569 871 1610 eam
888 1549 1068 1611 Cbrismntis
1091 1550 1198 1608 unctio

250 1649 318 1690 nem
342 1631 378 1690 ad
401 1631 480 1691 solos
495 1632 703 1711 Presbyteros,
728 1649 785 1691 non
808 1651 882 1694 vero
903 1633 939 1692 ad
964 1631 1126 1708 Diaconos,
1144 1645 1199 1708 spe

188 1747 191 1752 -
250 1717 346 1773 ctare·
357 1711 507 1788 Quicquid
530 1719 631 1774 autem
647 1715 694 1774 slt-
706 1713 743 1774 de
758 1714 815 1774 hoc
831 1715 903 1780 ritu,
916 1731 954 1773 ex
969 1713 1112 1773 omnibus
1125 1716 1199 1772 certe

249 1793 513 1856 sacramentorum
537 1795 634 1855 Libris
657 1797 797 1872 antiquis,
821 1795 966 1856 Sacerdos
987 1795 1038 1870 qui
1061 1795 1197 1872 baptizat,
1257 1827 1258 1860 ι

249 1874 392 1952 baptizati
413 1879 571 1954 uerticem,
597 1895 654 1936 non
678 1874 818 1947 ironiam,
835 1877 1006 1938 Chrismate
1030 1879 1059 1934 in
1079 1876 1198 1940 ,modum
1257 1901 1258 1922 ι

248 1955 356 2018 Crucis
378 1957 504 2033 inungit,
520 1960 654 2034 dicitque
675 1957 797 2020 interim
820 1977 887 2020 eam
904 1959 1068 2019 verborum
1094 1956 1200 2016 lormn·
1257 1959 1258 1966 ’

251 2038 322 2105 lam,
340 2037 421 2098 Dens
447 2037 648 2121 Omnipotens,
673 2043 730 2099 etc.
756 2042 784 2099 in
807 2041 918 2102 lliluali
941 2039 1077 2100 Romano
1100 2037 1201 2099 descri-

248 2125 357 2200 ptam,
389 2120 459 2181 licet
482 2124 583 2198 paucis
605 2123 783 2182 immutatis.
806 2120 891 2194 Haec
913 2139 984 2182 sane
1006 2124 1148 2180 constant
1167 2133 1199 2178 ex

250 2202 350 2262 veleri
376 2200 491 2262 Missali
514 2203 669 2264 Gallicano
697 2221 714 2262 a
742 2203 900 2265 Cardinale
921 2203 1087 2264 Thomaslo
1114 2201 1199 2262 edito.

249 2281 354 2360 Hujus
387 2285 534 2345 unctionis
566 2286 745 2362 mysterium
777 2287 900 2362 exponit
932 2285 992 2345 lvo'
1015 2279 1200 2344 Carnotensis

249 2364 349 2426 Serm.
363 2363 406 2424 IV
422 2367 555 2427 scribens
568 2365 755 2444 Christianos
777 2367 866 2427 illitos
887 2369 916 2426 in
932 2367 1029 2444 capito
1042 2363 1200 2424 ‘clirismale

249 2450 317 2524 post
338 2444 523 2522 baptismum
544 2465 622 2517 esse,
647 2458 681 2509 rot
704 2449 856 2518 charitas,
885 2466 963 2527 quac
982 2465 1037 2526 per
1058 2446 1201 2524 Spiritum

237 2524 394 2588 -Scnctom
415 2528 534 2596 datur,
563 2547 678 2608 semper
701 2529 832 2606 abundet
858 2531 895 2588 in
922 2530 1009 2591 cordo
1039 2525 1196 2589 secundnm

248 2607 370 2690 verbam
384 2608 468 2670 ¹illud
483 2610 685 2683 Ecclesiastioi
706 2608 780 2687 Gap.
796 2609 843 2671 lX
863 2608 968 2670 Oleum
985 2609 1140 2688 decapite
1153 2614 1198 2665 teo

250 2706 310 2747 noo
331 2688 463 2769 deficiat.
486 2690 679 2753 innocentius
692 2690 737 2751 lll
758 2694 831 2768 Cep.
859 2693 937 2756 Com
957 2693 1081 2753 uenisset
1102 2689 1139 2750 de
1152 2687 1198 2750 Sor
1258 2731 1259 2734 ι

237 2788 306 2840 ,ινα
332 2767 491 2833 tinctione:
514 2772 872 2850 additque,-Unctionem
894 2772 961 2834 lieri
986 2775 1014 2833 in
1038 2772 1148 2849 capite,
1169 2774 1197 2827 ot

252 2855 438 2930 stiparetur
459 2859 541 2915 omni
557 2855 673 2934 petenti
693 2854 729 2914 de
749 2855 807 2936 fide
828 2854 953 2916 reddere
975 2855 1137 2915 rationem.

290 2932 347 2996 Xl.
371 2937 457 2997 Ritus
471 2937 613 3014 induendi
635 2937 800 3014 baptizatos
822 2937 898 2999 albis
911 2937 1046 2997 vestibus
1067 2936 1197 2994 innume-

250 3017 292 3077 ris
313 3034 390 3094 pene
412 3021 603 3097 comprobari
621 3023 728 3097 ⁴posset
749 3018 909 3096 exemplis,
934 3023 965 3079 et
987 3021 1128 3077 veterum
1148 3012 1196 3072 Pa·

250 3104 331 3159 trum
354 3104 419 3159 lum
434 3100 623 3168 Latinorum,
640 3108 706 3162 tum
718 3099 905 3168 Graecorum
921 3098 1113 3160 testimoniis.
1127 3096 1195 3156 Acta

251 3177 282 3240 S.
306 3179 427 3246 Genesii
449 3181 595 3262 Martyris
617 3183 697 3261 apud
710 3181 910 3244 ‘Ruinnrtinm
940 3182 980 3242 ita
1001 3179 1089 3255 plane
1110 3179 1148 3238 de
1167 3189 1198 3236 eo

249 3261 312 3321 ritu
335 3262 497 3338 inquiunt:
525 3266 668 3344 Cumque
682 3265 946 3336 Sacramrflorum
971 3261 1116 3340 mysteria
1136 3273 1198 3318 rom·

247 3342 397 3420 plenem,
421 3355 449 3405 ct
470 3345 596 3407 indutus
616 3347 742 3407 vestitos
763 3348 929 3407 albisesset
943 3356 954 3415 ,ζ
975 3343 1068 3404 octnti
1085 3359 1142 3419 per
1161 3341 1196 3400 lo

253 3421 326 3481 dom
347 3444 367 3484 a
386 3427 530 3489 militibus
552 3437 668 3508 raptas.
689 3425 874 3489 Ambrosius
896 3425 963 3486 Lib.
987 3423 1015 3485 ΙΙ
1037 3425 1076 3484 de
1097 3421 1198 3502 Mysis

254 3503 308 3562 riis
322 3503 397 3581 Can.
416 3505 483 3568 Vll:
501 3507 661 3588 decepisti,
685 3511 789 3586 inquit,
809 3509 977 3590 posthaec,
1001 3506 1116 3568 scilicet
1138 3506 1196 3580 post

253 3583 450 3662 baptismum,
468 3594 642 3653 vestimento
658 3589 800 3663 candido,
815 3602 849 3654 ot
865 3599 934 3654 essct
948 3588 1108 3658 iodicium,
1126 3580 1196 3666 qaod
