2567 4042
426 211 427 214 =
494 167 698 242 motii&-

159 297 217 359 lll·.
241 298 349 380 Priscis
371 296 523 360 Ecclesiae
538 299 666 360 saeculis
680 301 813 361 solemne
828 297 896 370 luit,
914 295 953 380 (1)
965 304 1001 360 nt
1014 315 1076 361 non

118 381 211 441 modo
234 382 270 440 ad
293 381 411 443 initium
434 380 543 443 Missae
565 382 786 458 sacratissimus
801 378 956 460 Evangelii
976 382 1073 442 codex

115 459 320 541 magnacum
343 481 453 542 pompa
475 465 512 523 ad
534 465 629 524 altare
652 462 831 533 deferretur,
852 465 904 524 sed
926 470 1073 542 perpetuo
1137 519 1140 524 .

114 563 179 614 une
199 564 270 605 cum
292 543 409 607 Christi
426 545 525 608 Crnce
554 547 596 608 ibi
617 551 766 608 maneret.
789 544 824 604 ld
845 545 967 622 quidem
989 562 1075 622 prae·

114 629 255 695 berella,
278 627 427 689 Remense
449 627 626 690 Concilium
639 627 792 706 abg'lvone
806 625 979 688 Caruolensi
1001 621 1075 704 Epi-

116 726 212 786 scopo
235 709 375 777 relatum',
400 711 621 772 observandum
644 710 846 792 essestatuit.
870 708 1076 783 Quemadmo-

115 791 193 851 dum
214 793 286 852 olim
314 792 392 870 apud
415 790 573 864 Hebraeos
594 792 679 854 Arca
697 791 829 853 foederis
846 793 893 850 in·
906 809 966 869 qua
987 795 1073 854 erant

116 873 239 957 tabulae
262 875 360 952 legis,
393 875 434 934 ita
456 876 538 954 apud
559 881 680 936 veteres
710 874 892 934 christianos
913 870 1070 952 Evangelii

116 953 225 1023 codex,
249 975 310 1034 qno
321 955 435 1017 Christi
456 958 509 1018 lox:
525 961 617 1034 atque
633 957 771 1018 doctrina
791 957 971 1024 continetur,
988 971 1072 1016 sum·
1136 958 1140 967 '

116 1055 169 1098 ma
191 1053 261 1098 oum
284 1038 444 1117 pompaiu
466 1038 707 1116 processionibus
729 1035 930 1100 deferebatur.
948 1036 982 1096 ld
1003 1037 1072 1113 qui-

116 1121 289 1198 dempatet
309 1133 347 1180 ex
368 1121 462 1180 variis
474 1118 703 1182 Ecclesiasticus
717 1116 871 1181 Historiae
891 1134 1079 1180 monimen*

113 1203 166 1263 es.
183 1200 271 1280 Apud
287 1201 417 1262 Graecos
431 1204 577 1274 eumdem
589 1217 705 1263 morem
727 1200 904 1270 invaluisse,
921 1207 957 1262 ut
970 1199 1070 1260 Esau*v

114 1283 228 1361 gelinm
251 1301 358 1361 magua
374 1280 525 1362 religionis,
544 1299 655 1362 pompa
676 1281 856 1352 deferretur,
873 1300 912 1345 ex
932 1300 969 1345 eo
985 1289 1067 1363 natac

115 1365 291 1442 quodinter
305 1367 401 1426 ollicia
416 1383 542 1442 magnae
557 1362 710 1446 Ecclesiae
724 1363 1069 1442 Constantinopolitanae

112 1456 294 1509 numeretur
326 1447 498 1509 Praefectus
521 1448 711 1530 Evangelio,
741 1447 793 1524 qui
819 1449 963 1508 nimirum
985 1445 1070 1506 illud

113 1529 211 1590 ferret
233 1531 262 1589 in
285 1531 551 1606 supplicationibus
569 1571 577 1599 ,
593 1537 636 1592 ut
656 1533 704 1590 est
729 1528 809 1607 apud
829 1528 1041 1608 Curopalatem
1056 1551 1077 1600 ,¹

117 1613 178 1688 qui·
195 1612 285 1672 etiam
315 1617 418 1673 monet
439 1612 469 1671 id
491 1611 557 1673 lieri
580 1613 618 1672 ab
641 1610 875 1672 archidiacono*
891 1612 922 1670 in
942 1611 1071 1672 solemni

113 1695 335 1771 supplicatione
358 1694 425 1755 iesti
440 1693 624 1754 Palmarum.
641 1691 691 1753 Ne
702 1692 1071 1754 vero‘lraeretioorum-iu·

111 1776 366 1852 terpolatiouibus
388 1781 546 1852 paterent,
566 1774 1067 1852 quotidie.absolutaLiturgia‘sia

114 1854 196 1934 millo.
210 1858 457 1936 obsignabantur.
472 1856 508 1917 ln
520 1859 593 1936 ipsis
606 1855 746 1918 Consiliis
766 1857 956 1934 generalibus
968 1853 1069 1916 Esaias

110 1939 266 2016 geliorum
298 1940 392 2000 codex
424 1941 543 2016 publice
558 1967 561 1972 ·
574 1936 734 2016 magnifico
746 1945 902 2017 apparatu
917 1939 1067 2000 omnium

110 2027 278 2098 prospectu
297 2019 719 2098 ·snpra-‘thronum‘posims
749 2027 805 2081 est.
834 2019 923 2094 Quod
944 2019 1067 2096 quidem

105 2103 148 2161 in
161 2101 281 2164 eadem·
291 2103 371 2173 aula,
395 2102 426 2161 in
440 2119 499 2180 qua
520 2101 639 2182 publica
653 2099 766 2179 judicia
787 2100 939 2173 feruntur,
954 2101 1067 2163 faciem

112 2183 188 2244 dum
205 2183 519 2264 statuitmlustiuianus,
538 2189 573 2244 ut
586 2183 698 2258 ‘videre
712 2183 783 2246 licet
802 2185 835 2242 in
849 2182 958 2260 figura,
973 2199 1065 2260 quam

111 2263 288 2408 ξῗῑιιοίτοὶυε
309 2268 455 2338 exhibuit·
467 2269 498 2327 in
518 2264 661 2338 Historia·
677 2264 788 2346 Impcr.
808 2263 936 2326 'Oriente
957 2274 985 2324 ct
1010 2261 1067 2325 Oc,

135 2350 225 2410 sebi.
426 2364 428 2368 '
768 2366 918 2392 ’δ’
1032 2368 1034 2371 “

115 2501 123 2506 „
155 2429 284 2512 insuper
310 2436 433 2492 veteres·
451 2429 613 2503 christiani
634 2433 740 2490 contra
762 2435 924 2490 nocturnas
950 2427 1065 2506 antiqui

114 2511 210 2574 hostis
242 2513 365 2573 insidias
392 2517 423 2573 et
449 2511 733 2573 illusionesdivina
754 2507 919 2588 Evangelia
944 2509 1065 2571 lectulis

109 2595 144 2676 in
167 2595 276 2671 quibus
289 2594 696 2676 decumbebantappendere
718 2597 950 2664 consueverunt.
967 2591 1063 2652 Acce

110 2675 155 2736 dit
168 2677 328 2736 cuncteris
342 2677 548 2738 observantiae
564 2674 865 2742 commendationem,
879 2673 960 2750 quod
974 2672 1063 2743 multi

23 2823 26 2832 ,
110 2758 151 2818 ad
173 2759 285 2819 collum
307 2757 504 2838 Evangelium
518 2757 754 2838 suspenderent,
778 2757 955 2834 praesertim
974 2753 1063 2833 pueri

110 2857 148 2900 ae
171 2841 326 2912 mulieres3
351 2841 421 2902 hine
443 2838 543 2921 medio
563 2850 638 2909 aevo
659 2856 732 2902 usus
755 2837 804 2900 ille
824 2838 965 2907 obtinuit,
980 2842 1021 2897 ut
1036 2836 1072 2896 ia⁴

102 2923 165 2999 ,qui
182 2922 373 2984 donationem
395 2925 491 2995 alicui
505 2921 619 2998 iaceret
632 2918 797 2995 Ecclesiae,
814 2921 949 2982 codicem
964 2917 1064 2979 Evans

109 3004 261 3082 peliorum¹
280 3004 544 3082 -lrumero‘gestans
558 2999 725 3064 Ecclesiam
748 3004 830 3064 illam
843 3003 998 3063 circuiret.
1014 2996 1061 3060 Eo

108 3099 235 3162 quoque
267 3085 387 3148 devenit
408 3085 542 3147 fidelium
571 3084 707 3164 religiosa
731 3086 825 3161 pietas
841 3087 854 3154 ,'
873 3091 907 3146 ut
938 3099 1061 3143 sacrum

108 3164 307 3229 lesuChristi
321 3166 518 3246 Evangelium
538 3169 630 3228 etiam
652 3169 682 3226 iu
696 3166 869 3244 sepulchro,
885 3167 1000 3228 medios
1015 3164 1061 3222 in·

109 3250 302 3320 euremarus,
320 3255 479 3326 tamqnam
498 3249 605 3328 pignus
629 3249 993 3309 immortalitatis-secum.
1006 3245 1063 3306 lta·-

107 3331 183 3394 bere
206 3337 360 3412 cuperent.
386 3330 588 3392 &Barnabas
605 3347 676 3392 oum
697 3328 730 3390 S,
742 3327 836 3390 Paulo
857 3328 1000 3408 Apostolo
1021 3327 1060 3388 ad

106 3409 230 3474 Gentes
245 3413 435 3492 prolecturus
448 3431 471 3484 3·
485 3411 695 3491 Evangelium
705 3410 736 3472 S.
759 3411 917 3480 Matthaei,
938 3411 1060 3490 propria

143 3555 328 3648 tricalitano,
346 3585 386 3638 na
400 3555 494 3650 cette
512 3583 606 3636 saecu
624 3568 770 3650 accepte
783 3584 872 3650 copas
883 3583 926 3634 m
944 3590 969 3635 cr
982 3595 1053 3648 seqq,
