2567 4042
494 206 721 279 *totu*

489 413 617 477 CAPUT
640 415 739 488 xlm,

126 593 170 639 DE
191 593 327 650 tutele,
350 595 474 648 PATER,
500 596 753 649 nssnuutcrtorut,
778 595 818 640 ET
842 594 1081 645 HSOLUTIONE,

343 677 427 730 Quae
449 675 624 723 daemones
645 676 865 722 PRAECBOUNT.

167 819 192 881 1.
216 821 295 883 Olim
320 823 391 882 nibil
408 824 517 884 horum
542 824 663 886 recitari
679 824 803 890 solebat,
827 821 1082 901 quemadmodum

124 907 243 965 constat
264 921 301 965 ex
318 904 424 966 Officio
447 907 539 966 trium
560 913 628 968 ante
642 905 759 968 Pascba'
780 906 909 972 dierum,
931 909 1021 981 atquc
1043 922 1081 966 ex

122 987 239 1062 Regula
261 985 291 1046 S.
310 986 473 1048 Benedicti.
497 986 586 1049 quta
607 988 850 1050 Cistarciensium
874 1005 989 1052 morem
1011 991 1081 1048 ante

124 1065 287 1128 Lectiones
309 1085 406 1146 neque
423 1067 528 1139 Potor,
554 1088 652 1147 neque
673 1071 832 1132 Absolutio
847 1069 969 1129 dicitnr.
992 1067 1082 1128 Prae-

25 1203 26 1208 ,
122 1155 361 1212 monstratenses
383 1149 478 1212 Peter
502 1151 605 1214 dicunt
626 1152 760 1228 quidem,
785 1150 837 1212 sed
860 1150 977 1210 nnllam
996 1150 1105 1209 abso·'

25 1273 26 1282 .
121 1229 270 1292 lutiouem
286 1231 406 1294 habent.
431 1231 609 1294 versiculus
623 1240 670 1296 est
691 1236 790 1296 brevis
810 1233 905 1292 oratio
928 1234 964 1292 ad
977 1231 1080 1294 Deum

121 1318 192 1390 post
212 1312 400 1374 Psalmorum
421 1313 548 1376 Cautum
577 1316 655 1374 lusa.
679 1317 797 1378 Dicitur.
816 1317 917 1374 autem
939 1314 1081 1375 Versicu-

119 1395 166 1456 lus
191 1411 209 1455 a
230 1395 378 1462 vertendo,
402 1396 449 1457 vel
473 1398 541 1472 quia
563 1397 601 1456 ab
622 1395 729 1458 Officio
750 1395 936 1456 Psalmorum
964 1394 1000 1454 ad
1023 1394 1080 1454 Le·

119 1477 240 1538 stiones
263 1480 431 1545 vertimur,
465 1478 513 1537 vel
539 1481 610 1554 quia
639 1480 759 1556 quando
780 1477 912 1537 Versum
939 1477 1079 1536 audimus

118 1558 233 1620 taciem
266 1559 344 1620 illico
367 1560 513 1620 vertimus
540 1559 731 1633 additare,
762 1567 797 1620 ut
820 1560 917 1619 omnis
939 1558 1079 1635 cogitatio

118 1658 200 1718 quae
225 1638 306 1700 lora's
327 1642 421 1702 exivit
441 1659 496 1718 per
511 1644 712 1718 vagationem,
736 1645 907 1711 revertatur
929 1640 1078 1700 adDeum

115 1737 176 1800 per
191 1722 332 1782 devotam
349 1723 611 1792 introversionem,
630 1732 664 1784 ut
676 1726 805 1801 loquitur
816 1722 981 1784 Cardinalis
993 1721 1079 1780 iluna

115 1803 155 1863 dc
181 1803 296 1864 Divina
314 1801 493 1864 'Psntmodia
515 1804 588 1882 Cap.
613 1805 690 1866 XVl
712 1814 732 1880 ὅ
755 1805 805 1866 13.
829 1804 954 1865 Cauitur
976 1807 1092 1864 autem·

116 1883 238 1947 Versus
259 1885 337 1945 clara
360 1903 459 1956 voce,
484 1887 581 1963 inquit
603 1887 744 1948 laudatus
766 1886 954 1950 fluminalis,
988 1890 1021 1944 ut
1042 1900 1078 1944 eo

115 1967 224 2028 audito
246 1967 414 2028 excitentur
437 1969 513 2046 pigui
541 1975 571 2030 et
592 1975 783 2030 revertantur
803 1969 840 2027 ad
862 1984 925 2026 cor.
951 1965 1078 2042 Insuper

117 2050 242 2110 canitur
265 2047 382 2109 Versus
403 2051 441 2110 ab
464 2068 544 2118 uno,
568 2051 616 2112 vel
639 2051 757 2110 duobus
779 2048 969 2118 Cantoribns,
991 2044 1077 2124 juxta

117 2131 300 2208 qualitatem
321 2130 409 2192 Ritus
440 2132 498 2192 sub
519 2150 580 2208 quo
607 2134 778 2194 celebratur
799 2129 956 2199 Officium,
979 2128 1077 2206 dupli·

116 2214 176 2283 cis,
202 2214 248 2274 vel
272 2213 486 2290 semiduplicie
510 2218 542 2275 et
562 2216 680 2275 canitur
704 2213 824 2274 nomine
845 2213 937 2271 totius
958 2215 1073 2282 coetus3

116 2291 239 2355 Chersis
254 2294 360 2356 deinde
373 2293 484 2372 junctis
506 2295 639 2356 omnium
657 2297 780 2358 vocibus
791 2293 961 2368 respondet.
985 2290 1077 2350 Ama-

116 2376 215 2436 larius
243 2375 309 2435 Lib.
335 2374 374 2435 IV
397 2376 468 2453 Cap.
494 2375 597 2448 bait,
636 2379 772 2454 pluribus
799 2376 872 2435 locis
901 2372 1075 2433 Versiculos

117 2463 188 2535 post
210 2455 367 2520 Lectiones
389 2459 491 2524 luisse,
515 2460 594 2534 quod
618 2458 848 2538 Responsiorum
872 2458 937 2516 loco
959 2458 1073 2522 essent,

117 2539 184 2600 lere
207 2545 240 2600 ut
269 2541 298 2598 in
321 2540 485 2600 minoribus
508 2543 590 2602 boris
612 2539 788 2603 Versiculus
816 2544 881 2615 post
901 2536 1074 2598 Lectionem

117 2627 176 2682 est.
202 2619 280 2683 Ante
302 2619 422 2684 Cantica
444 2619 649 2701 Evangelica,
674 2625 703 2682 in
725 2621 893 2689 Laudibus,
918 2617 1071 2701 Vesperis,

118 2709 150 2764 ct
172 2700 396 2780 completorio,
419 2705 587 2766 excitamur
610 2703 756 2765 Versibus
788 2703 824 2762 ad
849 2701 1074 2778 intelligentiam

118 2785 316 2853 eorumdem,
341 2790 372 2845 et
393 2786 430 2845 ad
451 2783 625 2848 Orationem
648 2785 827 2864 proximam.
850 2783 999 2860 Tempore
1020 2778 1076 2840 Pa·

118 2865 215 2926 scbali
238 2865 357 2926 additur
380 2867 498 2942 utrique
521 2870 596 2946 parti
619 2886 724 2928 versus
746 2867 898 2947 Attclnjo,
921 2865 958 2923 ad
982 2861 1075 2940 maJ'o·

119 2965 189 3009 rem
203 2947 347 3008 laetitiam
359 2950 596 3025 exprimendam.
623 2948 710 3010 Ritus
730 2954 830 3010 autem
847 2945 940 3007 Pater
956 2943 1074 3005 dicendi

120 3028 437 3106 indeprosroiscttur,
461 3032 540 3106 quod
570 3030 606 3090 ad
630 3029 729 3090 Officii
751 3029 841 3090 linem
864 3030 1070 3093 recitaretur,

116 3111 374 3185 quemadmodum
398 3117 428 3172 et
450 3111 539 3172 hodie
561 3111 669 3172 dicitur
690 3113 728 3172 ad
745 3112 895 3171 minorum
917 3107 1072 3169 Horarum

116 3190 208 3254 finem
232 3194 264 3252 in
278 3191 393 3253 Ordine
415 3191 447 3252 S.
464 3193 628 3254 Benedicti.
646 3192 745 3254 Testis
766 3200 812 3254 est
826 3192 984 3252 Cassianus
1007 3192 1074 3265 post

115 3273 251 3336 Psalmos
267 3275 375 3336 breves
390 3274 532 3350 quasdam
545 3292 652 3353 preces
665 3275 730 3335 lieri
742 3275 945 3336 consuevisse.
963 3271 1074 3332 Sulm-
1180 3337 1189 3352 ἱ

114 3357 233 3417 brosius
256 3373 328 3417 vero
340 3357 407 3416 Lib.
425 3355 467 3417 lll
484 3358 520 3418 de
538 3358 718 3436 Virqioitetc
732 3358 794 3416 ait:
825 3353 892 3416 Volo
905 3364 970 3432 post
986 3351 1072 3414 Paut-

113 3456 177 3498 moe
199 3457 265 3497 cum
293 3436 435 3500 Oratione
455 3437 614 3502 Dominicu
644 3439 797 3518 frequenti
825 3445 964 3498 contemne
990 3451 1069 3496 cccc.

113 3516 229 3580 Eadem
253 3522 349 3581 oratio
377 3520 536 3588 claudebat
565 3519 762 3582 Nocturnum.
786 3520 891 3581 Oratio
913 3517 1070 3578 Dominica

113 3599 223 3663 dicitnr
245 3619 282 3662 ex
303 3602 444 3664 Durando
466 3601 532 3662 Lib.
553 3600 578 3660 V
600 3600 673 3681 Cap.
698 3601 718 3662 3
739 3608 773 3666 ut
794 3603 846 3682 qui
868 3605 935 3678 eget
956 3600 1071 3678 sapien·
