2567 4042
625 171 851 246 muam-

266 303 359 374 tuaIc,
371 303 419 363 cui
434 301 586 363 Rubricae
601 301 728 361 Romani
740 300 867 362 Missaiis
878 295 1072 371 consentiunt,
1085 321 1196 380 capuae
1259 297 1260 304 ἶ

263 390 310 446 est
330 387 431 461 praxis
453 403 544 462 quam
564 401 668 449 omnes
691 383 753 446 iore
776 389 878 444 tenent
897 381 1061 445 Ecclesiae.
1147 449 1149 452 ,

305 465 388 527 Vlii.
399 466 638 527 Praemittendae
653 481 755 525 sacrae
767 465 977 528 Communioni
988 464 1198 545 generatisCon-
1258 482 1259 536 ξ

157 545 163 584 ’-
263 549 399 609 fessionis
426 552 544 620 ritum,
573 566 591 609 a
619 549 776 609 Monachis
802 548 1019 624 Fratribusque
1046 549 1199 610 mendicari·

261 633 342 692 tibus
371 633 408 692 ad
430 638 547 693 ceteros
568 630 672 691 fideles
694 639 854 702 manasse,
885 631 1021 708 pluribus
1042 631 1143 706 p'robat
1156 631 1199 692 Le
1257 623 1258 630 '

262 712 357 773 Brun.
380 714 472 775 Facta
495 714 679 775 confessione
712 714 907 779 aministro,
935 711 1079 772 Sacerdos
1110 715 1197 774 statim
1256 725 1261 790 j,

261 798 360 873 pergit
374 796 475 857 dicere
490 795 673 858 Misereotur
688 799 789 864 uestri,
808 802 874 872 post
892 811 983 854 manu
998 795 1124 856 dextera·
1134 794 1197 856 Cru-

261 879 304 937 cis
325 878 442 954 signum
471 876 606 939 fidelibus
628 878 920 937 communicantibus
941 877 1085 942 adhibet,
1117 883 1146 936 et
1163 877 1199 935 di-

259 960 316 1019 cit:
341 958 566 1038 Indolpcntiom
581 960 788 1020 absolutionem
804 965 862 1018 etc.
887 957 920 1018 ln
942 976 1036 1018 cornu
1059 957 1197 1036 Evangelii

259 1041 333 1100 dicit
353 1040 547 1114 Miserectur,
574 1059 611 1102 co
632 1041 711 1116 quod
735 1041 938 1102 nrisericordia
960 1040 1015 1100 Dei
1038 1039 1094 1118 por
1114 1041 1197 1101 Evan-

259 1123 383 1199 geiium,
407 1131 437 1183 et
459 1143 566 1184 novam
588 1124 686 1201 legem
709 1124 792 1182 nobis
814 1139 831 1182 a
853 1120 971 1183 Christo
993 1123 1129 1183 derivata
1149 1127 1195 1182 est.

256 1205 352 1265 Porro
366 1207 442 1266 sicut
457 1209 486 1266 in
503 1205 606 1276 Missa,
630 1224 690 1265 uno
705 1211 820 1266 tantum
838 1211 1010 1282 praesente,
1028 1203 1135 1264 dicitur
1149 1202 1199 1264 m·-

259 1296 395 1348 acrcotur
414 1290 531 1360 uestri,
556 1291 596 1348 ita
617 1287 708 1348 etiam
730 1305 791 1348 uno
814 1291 930 1346 tantum
952 1287 1200 1346 communicaturo

260 1370 318 1431 dici
332 1370 429 1429 debet
450 1373 543 1431 cestra·
564 1389 622 1431 non
646 1372 693 1429 tui
705 1389 716 1438 ‚·
738 1369 904 1429 haecenim
926 1369 1020 1428 verba
1035 1369 1145 1430 cadunt
1158 1386 1199 1428 su·
1260 1427 1261 1442 ,

256 1469 311 1528 per
333 1451 407 1512 aiios
428 1457 612 1528 praesentes,
636 1453 849 1512 communione
870 1451 1017 1527 spirituaii
1039 1449 1195 1510 communi·
1260 1490 1261 1520 2

255 1539 388 1603 caturos,
411 1535 455 1592 uti
477 1535 618 1594 observat
632 1532 796 1594 Garantus.
820 1533 912 1594 Manu
927 1531 1048 1592 sinistra
1065 1529 1199 1610 Pyxidem
1260 1573 1261 1602 ,

255 1617 393 1692 accipere
414 1616 523 1687 debet,
549 1618 620 1692 quia
641 1633 732 1676 mann
754 1616 877 1688 dextera
900 1615 1073 1674 ministrare
1096 1614 1194 1682 dehet,
1260 1677 1261 1690 χ

253 1697 322 1755 ideo
344 1715 400 1756 non
422 1705 469 1757 ast
490 1698 689 1775 impedienda.
715 1694 815 1757 Verba
837 1697 965 1756 Domine
987 1715 1048 1754 coa
1077 1715 1143 1756 sum
1162 1693 1199 1754 di·
1260 1765 1261 1768 Ἴ

253 1795 344 1856 cous,
368 1785 426 1839 etc.
451 1797 505 1857 per
526 1790 588 1842 tres
610 1781 692 1840 vices
713 1780 854 1840 dicuntur
876 1780 912 1838 ad
935 1779 1030 1854 magis
1054 1780 1198 1859 magisque

253 1860 455 1922 humilitatem
477 1869 608 1924 nostram
632 1861 920 1932 demonstrandam,
950 1867 1040 1936 atque
1062 1865 1198 1936 protesta-
1260 1900 1261 1935 3

252 1944 363 2003 tionem
380 1944 531 2006 humanae
547 1945 739 2022 indignitatis.
760 1943 846 2016 Quod
869 1959 945 2003 vero
967 1942 1099 2002 verbum
1114 1939 1199 2002 Amen
1260 1977 1261 2016 3

251 2030 366 2102 spectat
400 2028 430 2085 in
452 2029 576 2087 recitata
604 2026 773 2097 Sacerdotis
802 2021 1199 2086 communicanti's'iormuia

211 2107 218 2122 ⁰
250 2109 520 2183 expressum,iiiud
532 2109 666 2187 protecto
682 2112 774 2178 notat,
792 2106 983 2180 fidelosoljm
1000 2121 1072 2165 cum
1089 2105 1199 2166 Eucha-
1260 2126 1261 2182 j

250 2184 424 2249 charistiam
448 2192 484 2250 de
506 2210 597 2252 manu
617 2191 784 2251 Sacerdotis
806 2191 987 2268 acciperent,
1000 2189 1104 2264 soiitos
1126 2189 1198 2265 ipsos
1260 2228 1261 2240 ,

205 2283 229 2316 '·
248 2269 340 2331 scrisse
364 2273 555 2348 respondere,
576 2272 681 2332 Amen.
695 2271 785 2332 Hunc
801 2274 881 2333 enim
898 2271 994 2330 ritum⁴
1004 2270 1125 2338 disertis
1140 2285 1198 2328 ver·

248 2352 294 2412 bis
316 2354 439 2414 tradunt
452 2353 482 2414 S.
497 2354 683 2433 Augustinus
698 2352 944 2432 &Hieronymus
960 2354 1071 2430 aliique
1087 2351 1195 2412 Patres.

246 2458 250 2462 “
290 2431 349 2493 ΙΧ.
372 2434 466 2496 Decet
487 2437 731 2514 quammaxime,
755 2443 790 2505 ut
809 2430 947 2496 absoluta
968 2434 1194 2499 communione,
1260 2499 1261 2514 ,

249 2514 395 2584 Sacerdos
410 2536 548 2581 reversus
570 2519 607 2579 ad
622 2518 737 2584 hitare,
761 2525 921 2595 antequam
944 2519 975 2577 in
997 2513 1197 2576 Tabernaouio

247 2613 363 2658 sacram
384 2597 529 2678 Pyxidem
552 2607 662 2678 ponat,
686 2601 767 2666 dicat
785 2595 1047 2678 autiphonam,[o
1073 2593 1197 2659 &crum

245 2680 412 2742 convicium
434 2700 492 2742 una
507 2702 576 2742 cum
590 2683 758 2750 versiculo,
773 2681 885 2742 Panem
907 2680 1063 2753 deCccto,
1089 2678 1147 2761 etp.
1170 2683 1197 2736 et

245 2759 401 2834 Oratione,
424 2764 505 2823 Deos
525 2764 578 2844 qui
592 2766 674 2825 uobis
695 2767 748 2824 sub
764 2765 955 2832 Sacramenta
971 2760 1128 2822 mirabili:
1150 2758 1196 2817 de·

245 2849 398 2921 sumptam
419 2863 457 2905 ex
470 2844 588 2917 Officio,
612 2841 692 2924 quod
708 2845 820 2906 Ductor
835 2845 996 2924 angelicus
1013 2843 1048 2904 ·S.
1066 2842 1196 2902 Thomas

241 2923 380 3002 Aquinas
411 2930 598 2990 concinnavit
633 2947 687 3007 pro
707 2928 796 2989 Festo
827 2927 1027 2988 Sacratissimi
1059 2922 1195 3003 Corporis

243 3003 382 3081 Christi,
406 3011 483 3086 quod
512 3010 651 3072 Urbanus
678 3011 720 3072 lv
744 3011 883 3072 instituit.
912 3011 1013 3070 Recte·
1033 3011 1139 3067 autem
1167 3008 1197 3066 et

243 3087 319 3150 iliud
345 3092 445 3154 subdit
466 3099 603 3154 nostrum
624 3092 743 3154 Rituan
758 3099 823 3164 ,ut
844 3098 979 3169 tempore
1001 3087 1139 3149 Paschali
1160 3085 1195 3146 ad

243 3171 340 3248 ipsam
363 3173 591 3253 Antiphonem,
624 3181 656 3236 et
676 3174 868 3236 Versicutum
891 3173 1022 3236 addatur·
1038 3169 1193 3252 Attoluja,

238 3259 273 3313 et
294 3256 360 3316 loce¹
381 3255 532 3318 Orationis
554 3259 634 3318 Deus
656 3259 709 3336 qui
734 3259 816 3318 nobis
842 3257 897 3343 sub
918 3253 1113 3316 Sacramehto
1141 3251 1194 3311 mi·

241 3335 330 3395 rabiii
362 3339 480 3400 dicatur
501 3339 628 3408 Orat-io,
662 3339 811 3420 Spiritum
834 3339 914 3400 uobis
936 3336 1085 3404 Domine,
1120 3349 1193 3408 quae

238 3422 297 3477 est'
316 3417 559 3498 Postcommunio
587 3421 700 3483 Missae
727 3420 901 3482 Dominicae
928 3413 1190 3500 Resurrectionis‚

236 3500 321 3573 quod
343 3505 437 3580 magis
458 3499 680 3574 Communiobi,
705 3522 781 3581 quae
796 3502 933 3566 Paschaii
950 3509 1087 3578 tempore
1105 3508 1192 3574 pera-

231 3578 334 3656 ¹gitur,
357 3585 525 3648 conveniat.
549 3584 686 3648 Dandum
710 3585 822 3668 populo
842 3585 1078 3652 benedictionem
1098 3597 1117 3642 a
1139 3577 1191 3639 Sa·
