2567 4042
600 191 823 262 ememtes·

233 318 368 383 namura
389 321 523 384 certain
546 319 679 400 Epistola
700 321 737 382 ad
759 321 968 391 Colossenses‚
993 322 1035 384 ait
1055 342 1107 386 nos
1126 323 1175 384 de·

234 407 339 481 positis
360 406 557 475 vestimentis,
575 405 669 466 nudos
685 405 715 463 in
729 406 815 481 aquis
829 405 975 482 Baptismi
988 405 1176 467 descendere.
1248 425 1249 460 ὲ

234 484 295 546 Istc
314 485 451 557 nuditas,
475 487 592 564 inquit,
615 497 642 546 et
662 487 726 547 tttta
749 485 880 547 auditas.
905 486 963 548 Sed
983 487 1043 548 t'tlr’c
1065 487 1178 567 quidem
1248 505 1249 534 ³

234 587 301 628 cum
319 578 468 650 peccasset
487 567 620 630 nudatus
639 567 712 644 suit,
730 569 872 647 quoniam
887 569 1039 648 peccaset,-
1060 571 1107 632 tte
1128 587 1180 630 au·

234 661 293 710 tem
303 651 441 712 nudatur
453 651 650 712 allideretur.
664 648 695 708 S.
703 648 870 728 Cyprianus
885 651 1018 728 Epistola
1028 650 1079 721 ld,
1091 669 1182 730 quac-

233 734 310 794 renti
325 731 435 811 Magno
457 749 495 792 an
516 733 633 794 valeret
650 731 820 810 Baptismus
842 749 896 809 per
909 734 1113 810 aspersionem
1133 733 1180 794 rel

233 813 413 876 infusionem
429 816 528 884 datus,
544 814 708 892 respondet
728 813 827 874 valere
850 816 1028 876 necessitate
1043 835 1180 894 premen-

233 905 285 978 te:
309 916 370 974 quo
392 903 475 958 certe
497 897 643 964 insinuat,
666 897 697 955 in
720 915 775 957 usu
797 901 827 957 et
848 897 932 974 praxi
953 900 1108 960 communi
1130 917 1190 977 per·

233 980 457 1040 immersionem
478 979 600 1040 solitum
622 977 714 1039 luisse
736 979 868 1039 conferri
889 977 1077 1056 Baptismum
1097 1001 1105 1050 3
1134 981 1183 1058 qui

233 1079 305 1122 usus
327 1061 402 1120 adeo
425 1067 562 1121 constans
583 1064 614 1121 et
635 1061 813 1122 universalis
835 1060 903 1133 luit,
921 1066 955 1121 ut
969 1063 1081 1140 Magno
1096 1063 1182 1126 dede-

233 1143 273 1202 rit
286 1144 474 1203 occasionem
487 1141 658 1204 sciseitandi
673 1161 710 1202 an
726 1142 785 1202 atio
801 1141 890 1202 modo
911 1143 998 1204 datus
1015 1146 1183 1223 Baptismus

234 1231 315 1286 ratus
337 1230 426 1286 esset.
443 1225 623 1285 Ambrosius
637 1224 705 1285 Lib.
720 1223 749 1285 ll
764 1224 800 1284 de
814 1221 1018 1285 sacramentis
1032 1224 1180 1306 enpust,

232 1308 406 1384 sepulturae
429 1307 589 1385 imaginem
611 1308 641 1366 in
658 1307 849 1368 immersione
865 1306 1086 1384 deprehendite
1110 1325 1183 1370 mer·

231 1390 429 1459 sterilescat
449 1390 581 1469 sepultus
598 1399 650 1448 est.
668 1387 751 1450 Idem
773 1389 970 1465 comprobant
991 1391 1176 1469 antiquiores

231 1468 367 1534 Ritnales
388 1470 480 1531 Libri.
499 1469 582 1531 ldem
604 1471 692 1547 plane
708 1476 856 1533 testantur
877 1471 930 1546 qui
950 1470 989 1531 de
1008 1472 1184 1534 divinisOl·

154 1553 158 1558 ’
231 1551 305 1613 liciis
325 1555 474 1629 scripsere
495 1554 577 1632 apud
591 1552 725 1622 Latinos,
737 1552 893 1620 Atacinus,
907 1551 1092 1627 Amalarius,
1108 1557 1185 1618 Wa-

231 1633 355 1698 lairidus
376 1634 509 1704 Strabo,
539 1636 590 1710 qui
621 1653 699 1695 nono
719 1633 852 1695 floruere
874 1631 1027 1696 Ecclesiae
1053 1637 1184 1700 saeculo:
1250 1703 1251 1718 2

234 1716 465 1778 idem-duritias
486 1717 516 1776 in
529 1715 720 1778 Praelatione
743 1716 865 1777 secundi
887 1717 954 1776 libri
975 1717 1013 1778 de
1028 1719 1185 1781 caliditate
1250 1751 1251 1766 ι

221 1795 378 1860 'Ordinem
400 1815 474 1875 quos
503 1796 815 1860 dederat-Formosus
836 1796 927 1874 Papa:
951 1799 1031 1860 idem
1060 1806 1091 1864 et
1111 1801 1186 1862 Tul·

229 1880 333 1942 bertus
347 1879 558 1948 carnotensis,
583 1881 635 1958 qui
657 1878 761 1941 lloruit
781 1879 939 1940 undecimo
961 1882 1095 1956 saeculo,
1112 1881 1184 1962 Epi-

231 1964 306 2023 stola
328 1963 423 2041 prima
445 1962 482 2022 ad
504 1962 707 2023 Adeodatum.
733 1962 852 2023 lsthaec
875 1963 1029 2026 immersio
1059 1983 1097 2027 ex
1119 1966 1190 2026 uni-¹

230 2046 340 2106 versali
362 2045 577 2106 consuetudine
599 2048 646 2104 ter
665 2043 767 2106 fiebat.
785 2043 881 2124 Cujus
903 2047 1026 2121 quidem
1050 2047 1186 2108 innume-

230 2136 365 2188 ros-tum
385 2125 518 2189 Graecos
540 2131 606 2187 tum
618 2125 750 2187 -Latinos
771 2122 875 2186 Patres
900 2131 989 2189 testes
1012 2131 1182 2196 habemus,

230 2210 282 2286 qui
303 2211 395 2271 etiam
418 2210 514 2269 trinae
536 2205 664 2285 hujusce
687 2207 887 2268 immersionis
901 2211 1050 2274 rationem
1073 2211 1183 2281 rimati,

231 2295 295 2358 tum
318 2292 489 2352 triduanam
511 2288 623 2351 Christi
647 2289 848 2366 sepulturam,
872 2296 936 2350 tum
961 2291 1186 2356 Sanctissimam
1251 2335 1252 2360 ,

230 2371 420 2442 Trinitatem,
443 2373 474 2431 in
496 2371 584 2450 cujrrs
605 2371 893 2452 nomineBaptisma
915 2374 1083 2446 confertur,
1102 2379 1132 2436 in
1146 2393 1183 2437 eo
1251 2403 1252 2406 ¹

232 2472 358 2514 numero
379 2455 554 2515 adumbrari
577 2458 669 2531 atque
691 2453 819 2530 exprimi
841 2454 959 2514 docent.
978 2457 1184 2520 Tertullianus

232 2534 268 2593 de
291 2534 414 2597 Corone
435 2535 543 2600 tultus
563 2533 636 2614 Cap.
656 2535 686 2596 3.
711 2535 825 2595 Dehinc
847 2546 893 2596 ter
913 2542 1134 2620 merps'tcmur:
1155 2544 1185 2601 et

229 2621 334 2677 contra
356 2615 503 2679 Praxeam
524 2617 598 2695 Cap.
622 2615 676 2676 26.
701 2615 761 2678 Nec
781 2619 893 2687 semet,
919 2618 969 2679 sed
990 2633 1035 2683 rer
1054 2623 1096 2682 nrt
1124 2625 1183 2684 ete

230 2700 300 2776 pulc
321 2703 443 2760 uomina
463 2704 498 2762 ia
515 2717 659 2781 personas
681 2699 814 2778 stapulas
837 2701 1090 2780 sinyrnensis
1111 2705 1182 2767 item

231 2783 396 2842 mersiones
417 2785 658 2843 commemorant
680 2782 729 2840 alii
752 2780 866 2848 Patres,
889 2783 1093 2856 Ambrosius,
1118 2783 1179 2846 uu.

230 2859 260 2920 ll
282 2862 318 2924 de
341 2861 541 2926 mamertia
562 2862 635 2940 Gap.
660 2861 719 2923 Vll
749 2881 833 2924 num.
856 2863 919 2937 203
949 2867 1181 2946 Hieronymus.
1210 2896 1219 2918 ⁴

232 2943 373 3007 adamus
387 2941 603 3025 [semforianus
619 2951 651 3004 et
673 2947 702 3004 in
717 2941 821 3020 Capite
837 2945 1021 3028 lEpt'rtotae
1035 2949 1076 3008 ud
1088 2948 1183 3028 Epte-

232 3031 311 3095 sr'os,·
332 3027 394 3089 leo
415 3029 554 3107 Magnus,
572 3027 707 3109 Epistola
727 3026 768 3085 ad
795 3025 947 3110 Episcopus
964 3049 1023 3110 per
1043 3032 1183 3094 Siciliam

193 3131 209 3166 x
231 3109 410 3170 constitutos.
427 3109 490 3172 Nec
507 3114 622 3171 tantum
638 3109 740 3169 Patres
755 3108 785 3168 id
801 3111 937 3184 innuunt,
954 3115 1180 3184 verumetiam,

233 3196 268 3252 ut
288 3192 378 3270 paulo
399 3200 476 3254 ante·
490 3193 641 3254 innuimus
663 3187 758 3268 hujus
780 3191 875 3252 trinae
897 3195 1055 3256 mersionis
1077 3193 1182 3274 signifi·

230 3273 377 3334 rationem
400 3274 579 3350 explanant:
595 3272 681 3332 Haec
702 3277 802 3334 sutem
825 3274 950 3352 triplicis
980 3272 1180 3338 immersionis

231 3356 412 3416 consuetudo
427 3373 464 3416 ax
480 3355 642 3433 apostolica
658 3355 816 3438 traditione
838 3355 990 3434 prolluxit,
1007 3357 1180 3421 auctoribus

230 3431 427 3507 Tertulliano,
450 3437 571 3507 Basilio,
594 3433 782 3516 Hieronymo
798 3437 947 3516 aliisque·
1002 3471 1004 3476 v
1055 3479 1059 3486 ·

269 3514 309 3576 V.
332 3515 398 3577 Jam
421 3521 546 3579 veroin
567 3515 741 3595 hirjasmodi
761 3519 914 3596 Baptismu'
936 3540 991 3599 per
1011 3523 1177 3586 immersio·

231 3615 301 3656 nem
323 3600 417 3659 multa
436 3599 508 3660 olim
530 3600 747 3661 servabantur:¹
771 3601 819 3662 1.⁰
833 3601 1051 3670 Cateclmmcni
1072 3615 1180 3684 eorpus
