2567 4042
606 208 831 281 ⁹afflildffl·

241 356 309 400 esse
330 338 421 399 debet
436 335 581 406 Ecclesia,
605 342 640 397 ut
661 338 820 399 commode
834 336 887 398 liat
908 339 1041 415 aspersio
1057 340 1197 400 interior:

218 409 337 480 xPorro
359 420 490 497 populus
512 437 614 481 comes
634 436 700 481 csse
721 421 811 481 debet
827 420 996 481 Sacerdotis
1017 422 1195 481 benedicen-

244 499 293 571 tis,¹
317 506 350 562 ct
370 502 400 560 in
422 498 560 566 Psalmis,
579 503 779 580 precibusque
801 502 860 561 rite
882 502 1000 563 statutis
1022 504 1052 562 in
1074 502 1126 563 tali
1141 502 1198 585 ee

242 584 409 647 nedictione
429 600 463 643 se
484 600 640 643 exercere.

285 663 340 726 111.
365 665 537 741 Antequam
551 663 712 725 Processio
736 666 826 726 intret
846 662 1022 733 Ecclesiam,
1040 671 1071 725 et
1090 667 1128 726 ad
1145 664 1198 725 Al·

243 755 310 809 tare
331 745 433 824 Maius
465 747 604 807 dicantur
620 745 784 815 xLitauiae‚
813 764 850 808 ex
873 745 1037 807 Pontificali
1060 745 1198 806 Romano

243 828 332 889 multi
355 829 405 887 alii
426 830 588 907 peragendi
611 833 683 888 sunt
703 829 805 897 ritus,
830 827 879 890 ubi
902 827 1070 905 Episcopus
1091 827 1198 889 Eccle-

193 964 206 975 κ
242 914 317 971 siam
341 916 506 970 consecret.
531 911 641 969 Merito
656 914 766 971 'autern
790 909 910 972 Rituale
932 911 1078 970 Litaniam
1102 911 1195 970 dicen·

242 993 311 1053 dam
334 992 521 1067 praescribit,
541 992 621 1069 quod
645 992 871 1068 antiquissimus
893 994 931 1052 sit
954 994 1030 1052 ritus
1051 993 1082 1051 in
1105 991 1195 1053 Dedi·

242 1076 358 1135 catione
380 1072 534 1133 Ecclesiae
556 1074 695 1140 usitatus,
721 1077 751 1133 et
773 1072 801 1132 in
825 1075 964 1133 omnibus
986 1073 1197 1134 sacramento·

242 1173 309 1216 rum
332 1154 431 1216 Libris
455 1155 675 1231 praescriptus,
700 1160 733 1213 ut
754 1152 887 1216 Litaniae
909 1156 1023 1216 scilicet
1043 1156 1191 1216 dicantur.

241 1235 490 1313 Quandoquidem
513 1255 612 1306 vero,
636 1236 687 1296 ubi
709 1235 885 1296 dicebantur
903 1236 1038 1297 Litaniae
1054 1237 1193 1313 prostrati

238 1337 305 1381 esse
328 1318 477 1380 debebant
498 1316 665 1396 Episcopus
687 1322 717 1376 et
739 1316 855 1386 clerus,
884 1320 925 1379 uti
946 1323 1064 1379 conset
1084 1336 1123 1378 ex
1144 1336 1193 1377 an·

240 1401 418 1478 tiquissimis
441 1399 706 1461 sacramentorum
727 1397 837 1468 Libris3
852 1400 947 1460 multo
970 1400 1065 1475 magis
1087 1399 1193 1461 Sacer·

241 1484 294 1543 dos
317 1482 497 1543 benedicens
519 1500 627 1541 novam
639 1479 807 1541 Ecclesiam
823 1479 998 1557 genuflexus
1012 1498 1079 1542 esse
1093 1482 1192 1543 debet.¹

241 1563 340 1624 Einita
361 1564 496 1634 bitania,
521 1564 617 1641 surgit
637 1562 785 1622 Sacerdos
807 1567 837 1622 et
852 1569 938 1623 stans
955 1563 1041 1630 dicit,
1072 1561 1195 1623 Orcmes

241 1646 423 1706 Prococniot
438 1662 490 1706 nos.
505 1662 684 1721 quaesomus
695 1644 833 1705 nomene,
847 1642 937 1704 Juxta
948 1644 1039 1704 ritum
1054 1646 1193 1719 praescri·

240 1732 325 1804 ptum
347 1724 409 1803 jam
435 1728 464 1785 in
492 1727 627 1785 Romano
649 1724 814 1785 Pontificali
837 1730 898 1785 tres
919 1726 1029 1786 Psalmi
1054 1724 1114 1785 119
1137 1725 1195 1785 120

242 1807 301 1867 121
321 1809 353 1885 in·
369 1807 473 1867 ordine
488 1806 623 1867 Psalterii
638 1806 773 1867 liavidici
788 1807 966 1874 recitantur,
983 1808 1035 1883 qui
1050 1814 1194 1869 vocantur

243 1887 411 1949 Graduales
432 1890 505 1965 quia
527 1888 711 1948 canebantur
734 1906 792 1949 una
815 1904 883 1948 curn
906 1889 970 1949 aliis
992 1887 1151 1949 duodecim
1169 1892 1197 1949 in
1231 1902 1233 1906 ·

242 1972 417 2031 ascensione
438 1968 610 2047 quindecim
632 1972 783 2048 graduum
806 1968 925 2047 Templi
946 1969 1130 2030 Salomonis:
1154 1977 1198 2033 tot

243 2052 322 2112 enim
347 2053 439 2113 inisse
455 2050 565 2129 gradus
584 2050 722 2128 ejusdem
739 2050 857 2126 Templi
878 2070 936 2112 non
952 2050 1046 2111 solum
1063 2054 1197 2115 scribunt

245 2133 384 2213 Lyranus
411 2139 442 2195 et
461 2135 646 2195 recentiores
668 2153 737 2196 curn
759 2132 951 2205 Bellarmino,
975 2133 1027 2192 sed
1049 2134 1141 2194 etiarn
1164 2136 1197 2197 S.

243 2215 428 2293 Augustinus
449 2217 478 2273 in
495 2212 641 2275 Psalmos.
665 2216 792 2292 Expleta
808 2215 1042 2284 Benedictione‚
1068 2219 1196 2295 populus

243 2297 412 2375 ingreditur
432 2294 612 2366 Ecclesiam3
631 2298 679 2357 cui
696 2295 817 2372 quidem
835 2299 878 2357 rei
902 2297 958 2356 boc
981 2301 1102 2373 tempus
1125 2301 1196 2358 assi-

243 2386 353 2456 gnatur
368 2398 385 2438 a
400 2376 549 2439 Castaldo.
563 2378 686 2440 Interim
703 2396 720 2437 a
735 2377 861 2444 Clericis
876 2385 1018 2457 parantur
1030 2377 1146 2439 Altaria
1158 2399 1196 2441 eo
1268 2424 1269 2439 r

243 2462 343 2521 colore
358 2466 604 2538 paramentorum
626 2460 678 2536 qui
701 2461 740 2519 sit
755 2476 906 2537 congruus
928 2460 1058 2535 tempori
1087 2467 1120 2521 et
1134 2463 1196 2525 offi·
1268 2440 1269 2505 i

243 2542 303 2601 cio.
327 2542 412 2601 Sicut
432 2544 512 2601 enim
528 2540 663 2602 Ecclesia
685 2560 743 2601 non
767 2544 922 2603 consuevit
943 2542 1098 2604 celebrare
1114 2547 1197 2605 anni·

242 2624 412 2684 versarium
424 2623 643 2685 Benedictiouis
658 2620 877 2691 Ecclesiarum‚
894 2625 946 2693 sed
969 2624 1126 2685 dumtaxat
1141 2625 1193 2689 De·

242 2704 409 2771 dicationis,
433 2709 487 2765 seu
510 2702 760 2773 Consecrationis;
784 2705 824 2765 ita
847 2723 902 2765 uec
924 2706 1048 2767 Missam
1071 2704 1197 2770 berica

243 2787 331 2846 tionis
352 2786 518 2855 celebrare,
536 2788 588 2847 ubi
603 2784 736 2847 Ecclesia
753 2786 992 2857 nondedicatur‚
1009 2787 1061 2847 sed
1076 2788 1193 2851 benedi·

243 2868 333 2928 citur.
363 2867 463 2945 Atque
486 2866 560 2929 baec
583 2874 628 2929 est
649 2887 708 2929 una
731 2868 809 2929 inter
836 2870 908 2931 alias
929 2869 1099 2931 differentia
1120 2874 1194 2933 inter
1268 2918 1269 2945 p

243 2949 486 3012 Benedictiouem
519 2950 673 3011 Ecclesiae
700 2954 731 3010 et
758 2949 1006 3021 lledicabonem,
1031 2952 1108 3027 quod
1133 2954 1192 3015 ista
1268 2946 1269 3039 l

243 3032 388 3109 peculiari
410 3031 502 3093 Missa
524 3036 556 3091 et
576 3031 693 3103 Officio,
718 3030 809 3093 etiam
832 3034 1048 3101 anniversario,
1065 3036 1194 3098 celebra·
1268 3040 1269 3105 l

244 3120 319 3185 tur,
349 3114 400 3174 iile
430 3130 503 3174 vero
527 3129 730 3190 nequaquam.
754 3110 896 3175 Ceterum
928 3119 1004 3177 teste
1029 3112 1136 3187 Quarti
1166 3120 1195 3177 in
1268 3112 1269 3185 l

247 3190 392 3255 Tractare
419 3193 464 3255 Dc
484 3193 772 3263 Benedictionidns‚
801 3193 859 3257 Tit.
890 3194 921 3257 11
948 3194 1086 3259 Sectione
1114 3197 1144 3257 X
1164 3201 1192 3258 in

243 3276 387 3337 Doctrina
410 3276 517 3336 Morali
540 3258 732 3337 Dubitatione
753 3274 778 3347 l,
801 3276 1144 3357 contentiosissimae,
1167 3290 1194 3341 et

247 3356 438 3420 Consecrntio
466 3355 672 3420 Ecclesicrem
701 3356 848 3439 different
868 3360 950 3419 inte-r
977 3378 1006 3419 sc
1028 3377 1119 3438 penes
1133 3381 1194 3422 ata·
1268 3362 1269 3405 ³

128 3489 130 3493 .
241 3444 341 3520 joram
356 3449 390 3500 ct
412 3439 558 3499 minorem
590 3442 832 3511 solemnitatem,
857 3460 906 3501 scu
923 3460 1014 3521 penes
1035 3445 1131 3505 ritem
1148 3444 1195 3503 ot·

246 3521 353 3582 liorem
375 3531 401 3581 et
421 3519 613 3598 inferiorern
634 3524 763 3603 simpiaco
778 3524 857 3584 enine
879 3520 1053 3585 Benedictio
1075 3524 1109 3606 fit
1130 3524 1198 3586 sim

241 3603 422 3685 plicioribcs
450 3602 583 3672 nattum
608 3604 797 3668 Conrccrntio
819 3604 971 3687 conficiter
991 3608 1131 3669 unctione
1152 3626 1196 3669 so·
1268 3620 1269 3671 ῑ
