2567 4042
472 218 743 291 *Μῖἵῖᾶῆ

105 349 266 426 tyrocinio,
283 351 335 426 qui
357 367 393 409 ex
406 345 640 410 Catecbumenis
662 348 847 426 baptismatis
863 347 977 424 gratiae
991 363 1061 424 par-

105 432 212 508 ticipes
233 449 297 490 esse
319 432 490 511 cupiebant,
509 432 538 491 bi
554 430 796 505 aliquibus-ante
817 428 929 489 Pascha
952 429 1059 488 diebus
1116 470 1121 480 .

102 512 214 572 tabuiis
229 511 438 574 aeclesiasticis
461 511 685 573 inscribendum
708 529 816 570 nornen
832 529 920 571 suum
936 509 1057 575 dabani,

101 601 137 656 ui
158 595 261 656 ridere
285 599 329 654 est
351 596 462 671 passim
486 595 565 671 apud
587 593 712 654 Sanoios
728 592 842 654 Patres.
860 591 903 650 Ex
927 593 982 653 bac
1006 609 1058 652 no-

102 677 193 737 minis
208 677 401 753 inscriptione
418 676 550 738 inierunt
565 677 710 740 nonnulii,
723 682 755 735 et
769 674 889 750 quidem
905 691 975 734 cum
992 673 1057 732 iun*

103 759 243 819 d‘amenio
257 800 264 824 ,
278 761 409 819 nomina
430 761 500 819 oiim
524 774 582 817 non
604 758 634 816 in
656 757 829 834 llaptismo,
852 762 886 816 ut
907 774 984 816 nunc
1011 752 1054 822 iit,

103 841 154 899 sad
177 841 264 918 longe
288 848 355 902 anie
378 841 517 918 imposita
541 839 642 898 inisse.

144 922 198 982 lv.
223 922 343 982 Priscae
372 924 576 997 probataeque
599 920 773 999 disciplinae
789 917 943 982 Ecclesiae
958 919 1058 978 inbae-

102 1005 142 1063 sii
163 1003 246 1066 band
267 1005 360 1064 dubio
375 1003 496 1064 Rituaie
512 1001 697 1071 Romanum,
712 1003 764 1062 ubi
781 1002 810 1059 in
832 1000 889 1060 boc
910 1002 1007 1078 capite
1022 1001 1059 1059 de
1085 1031 1091 1044 ·

100 1085 255 1161 Eaptismo
276 1087 449 1147 eduliorum
472 1085 588 1151 statuit,
613 1091 648 1144 ut
669 1085 694 1142 si
715 1083 783 1160 quis
804 1083 925 1142 adultus
948 1083 987 1141 sit
1007 1083 1059 1142 ba-

100 1167 269 1242 ptizandus,
288 1168 396 1228 debeat
414 1167 501 1245 prius
517 1165 682 1226 secundum
699 1165 901 1242 Apostolicam
923 1163 1056 1241 reguiam

103 1248 133 1306 in
155 1245 320 1308 Christiana
355 1249 429 1309 Fide
467 1266 502 1308 ae
532 1249 643 1308 sanctis
668 1247 805 1307 moribus
832 1246 989 1322 diiigenter
1013 1246 1058 1303 in-

102 1331 197 1393 strui,
221 1335 253 1390 et
271 1349 326 1408 per
348 1331 464 1406 aliquoi
485 1330 549 1390 dies
574 1330 604 1388 in
626 1330 772 1406 operibus
797 1327 914 1404 pietatis
935 1343 1057 1387 exerce-

101 1411 138 1478 ri,
163 1411 293 1489 ejusque
314 1412 453 1472 voluntas
473 1417 505 1473 ei
526 1411 714 1488 propositum
736 1409 858 1486 saepius
878 1408 1055 1485 explorari,

102 1498 133 1552 et
154 1510 213 1552 non
239 1493 294 1552 nisi
317 1495 413 1554 sciens
446 1499 477 1552 ci
502 1492 605 1552 volens
635 1493 790 1570 probeque
813 1492 977 1565 instructus
1004 1490 1056 1549 ba·

101 1576 220 1650 ptizari.
247 1574 345 1651 Atque
368 1575 418 1634 bic
441 1580 511 1634 nota
533 1574 609 1633 duas
631 1574 811 1648 praecipuas
833 1570 1054 1649 dispositiones,

104 1656 134 1714 in
157 1657 265 1716 adultis
289 1657 482 1734 requiruntur
503 1657 541 1716 ad
563 1655 663 1716 valide
682 1673 720 1714 ao
743 1655 875 1731 legitime
896 1653 1057 1730 suscipien·

102 1737 172 1797 dum
195 1737 394 1814 Baptismum.
421 1735 522 1797 Prima
545 1742 591 1797 est
612 1754 784 1803 consensus,
808 1736 860 1811 qui
884 1751 944 1794 non
966 1734 1056 1796 debet

101 1835 167 1878 essa
191 1821 359 1880 necessario
380 1821 505 1879 actualis
527 1824 558 1879 et
581 1835 765 1896 expressus,
798 1816 849 1876 sed
872 1815 981 1876 sufficit
1001 1816 1058 1875 vir·

102 1899 201 1961 tuaiis.
228 1900 363 1961 Secuma
386 1901 539 1977 dispositio
561 1901 750 1967 necessaria,
772 1905 818 1958 est
838 1896 926 1957 Fides
958 1903 990 1957 et
1010 1915 1058 1957 no·-

100 1982 166 2041 iitia
189 1982 399 2060 principalium
423 1981 639 2060 Mysteriorum
662 1981 850 2042 Christianae
872 1978 1055 2055 Religionis,

100 2063 187 2140 juxta
209 2064 237 2122 id
261 2065 340 2141 qnod
363 2064 471 2124 dicitnr
499 2063 596 2123 Marci
618 2062 691 2138 Cap.
716 2060 848 2121 ultimo:
877 2057 939 2134 Qoe'
961 2059 1057 2120 credi—

102 2141 192 2214 derit,
217 2154 243 2204 et
270 2147 439 2226 baptizatae
459 2146 563 2224 fuerit,
584 2145 683 2204 salona
704 2136 773 2202 erit'.
799 2142 898 2219 Atque
920 2141 989 2201 irinc
1011 2144 1057 2201 esi
1087 2137 1092 2145 ’

100 2228 180 2300 quod
203 2225 323 2287 Rituaio
346 2225 516 2287 Romanum
537 2225 715 2286 Sanctorum
745 2222 868 2284 Petrum
889 2221 1055 2283 doctrinam
1093 2300 1095 2303 Ι

101 2312 133 2367 ei
155 2309 310 2386 antiquam
335 2305 486 2368 Ecclesiae
509 2308 626 2384 praxim
649 2311 813 2382 sequutus,
838 2308 920 2365 recia
940 2304 1054 2370 statuit,

101 2393 136 2448 ut
157 2390 277 2450 aduitus
301 2407 358 2449 non
382 2390 436 2448 nisi
460 2390 552 2466 probe
568 2391 743 2456 instructus,
765 2387 794 2445 in
809 2384 980 2446 Christiana
1001 2385 1059 2445 sci·

102 2469 171 2532 iicet
191 2468 275 2541 Fide,
302 2488 336 2532 ac
360 2471 468 2530 sanctis
491 2471 644 2537 moribus,
664 2469 776 2529 debent
798 2467 952 2546 baptizari.
976 2467 1056 2528 Anti·
1127 2518 1130 2526 .

100 2549 263 2626 quissimus
284 2557 330 2612 esi
351 2552 381 2610 in
403 2550 537 2614 Ecclesia
559 2553 660 2619 ritus,
685 2556 719 2610 nt
739 2567 847 2626 nempe
868 2557 929 2609 iam
951 2550 1057 2610 Sacer-

100 2632 154 2692 dos
185 2634 235 2710 qui
258 2633 375 2693 adultos
411 2632 558 2709 baptizat,
583 2649 676 2710 qrram
713 2631 768 2705 ipsi
791 2630 885 2691 adulti
916 2633 969 2706 qui
991 2631 1056 2692 sani

100 2720 200 2785 sunt,
214 2713 311 2793 jejuni
334 2714 522 2791 Baptismum
545 2714 732 2789 suscipiant;
760 2712 887 2789 ideoque
909 2731 967 2771 non
990 2718 1056 2789 post
1176 2713 1184 2730 '

100 2797 203 2871 epulas
225 2803 256 2855 et
276 2787 426 2873 prandia,
457 2797 507 2855 sed
538 2802 607 2856 aute
637 2794 794 2855 meridiem
820 2811 926 2854 eorum
955 2793 1057 2871 Bapti-

100 2893 164 2937 sma
188 2877 368 2938 celebretur.
392 2876 475 2937 Inter
497 2876 570 2936 alias
591 2877 801 2952 dispositiones
821 2893 901 2952 quae
922 2876 951 2934 in
973 2874 1056 2934 adul·

100 2958 138 3017 tis
163 2960 359 3035 reurriruntur
384 2958 419 3018 ad
446 2959 577 3037 legitime
600 2958 822 3034 suscipiendum
848 2956 1054 3033 baptismum,
1137 3018 1139 3022 ,

100 3044 147 3099 est
167 3040 253 3100 dolor
274 3046 467 3117 peccatorum
490 3045 521 3100 ei
545 3041 734 3116 propositum
757 3038 936 3099 observandi
958 3037 1054 3114 legem

100 3119 181 3191 Ilei,
217 3122 259 3181 uii
286 3127 402 3181 constat
431 3137 467 3180 ex
492 3121 549 3181 iilis
574 3119 789 3197 Apostolorum
814 3117 961 3194 Principis
988 3133 1056 3176 ver-

101 3203 145 3262 bis
167 3202 240 3278 Cap.
258 3200 287 3262 ΙΙ
309 3201 442 3262 actuum
466 3200 702 3278 Apostolorum:
726 3199 943 3262 Poenitentt'ona
966 3198 1054 3275 agite,

101 3292 127 3342 et
148 3284 320 3362 baptizetur
334 3283 537 3360 unusquisque
553 3292 683 3342 oestrum
696 3282 731 3342 in
744 3280 871 3343 Nomine
883 3277 956 3341 tete
971 3279 1056 3342 core

100 3364 136 3423 stt
157 3367 191 3425 in
220 3364 422 3425 temtationem
445 3372 640 3439 peccatorum
666 3373 843 3424 vestrorum.
868 3359 913 3423 Ne
936 3368 1052 3422 temere

101 3460 135 3503 ac
157 3445 216 3505 cito
236 3445 407 3506 conteratur
421 3444 528 3505 adultis
543 3445 725 3521 bapstismus.
749 3445 860 3506 exteris
875 3445 1053 3522 praesertim

101 3542 136 3584 ac
157 3526 263 3602 ragis,
287 3524 436 3588 inculcant
457 3528 567 3605 passim
590 3541 695 3586 sacrae
714 3525 825 3606 Synodi
847 3542 883 3586 ac
905 3524 1017 3586 Patres.
