2567 4042
576 234 636 296 w.)
660 222 719 285 118
740 232 800 295 gese
1278 272 1279 295 ἶ

216 318 377 417 Crotscrns
393 354 486 415 Libro
499 354 530 416 11
552 352 587 415 de
601 354 861 417 Benedictionibns
879 352 954 433 Cap.
973 348 1024 415 XI
1040 358 1072 415 et
1086 348 1165 413 XII.
1278 366 1279 413 l

114 482 118 489 -
216 437 307 499 Teste
329 436 468 498 Ferrario
493 438 522 497 in
544 434 685 515 Catalogo
707 436 886 498 Sanctorum
908 435 1024 507 ltaliae,
1047 435 1077 497 S.
1103 430 1168 495 Eu—

217 521 321 600 genius
345 519 494 581 Diaconus
516 538 645 598 puerum
662 523 817 579 mortuum
840 518 1003 580 revocavit
1015 518 1052 579 ad
1069 518 1166 579 ribam

216 603 389 680 aspersione
411 620 528 679 aquae,
553 617 645 679 quarn
666 600 697 661 S.
721 600 868 662 Zenobius
889 598 1168 679 Episcopusbene-

218 685 344 746 dixerat.
375 684 483 745 Varias
516 685 705 761 quaestiones
736 682 773 743 de
805 684 868 761 ipsa
900 700 980 760 aqua
1007 678 1169 745 benedicta
1278 676 1279 745 ἶ

217 765 343 845 ejusque
364 767 523 829 effectibus
552 766 653 844 legere
674 768 721 826 est
742 766 821 843 apud
837 763 1005 843 'theologos
1033 769 1064 825 et
1086 762 1168 843 apud

107 916 110 921 ,
216 848 396 924 Scriptores,
416 850 469 926 qui
490 849 528 908 de
550 849 614 926 ipsa
634 845 801 926 peculiares
815 847 973 909 'tractatus
995 846 1165 907 ediderunt.

258 928 313 989 IV.
342 932 513 993 Benedictio
540 946 635 990 novae
657 929 763 991 domus
784 948 870 991 suam
898 928 1016 991 videtur
1039 928 1167 989 trahere

216 1013 365 1089 originem
387 1013 524 1073 aVeteri
546 1011 752 1081 Testament0‚
775 1011 827 1073 ubl
846 1012 927 1072 Deus
948 1009 1084 1089 religioso
1107 1002 1168 1071 cul

216 1100 250 1156 tu
271 1096 367 1156 voluit
394 1113 485 1155 novas
513 1093 614 1172 populi
646 1095 693 1154 sui
725 1094 828 1154 domos
855 1110 921 1154 csse
948 1098 1163 1161 consecratas,

218 1176 262 1236 nli
285 1182 403 1238 constat
429 1194 466 1237 ex
488 1174 591 1254 Capite
611 1174 642 1235 X
666 1173 918 1245 Deuteronomii,
948 1174 998 1234 ubi
1021 1174 1169 1251 scriptum
1278 1204 1279 1221 .

215 1257 341 1336 iegitur:
369 1257 443 1335 Quis
466 1258 635 1324 esthemo,
659 1257 712 1337 qui
733 1256 872 1339 aedificat
895 1256 1013 1316 domum
1033 1272 1167 1324 nouom,
1278 1284 1279 1287 ¹

217 1348 244 1400 et
264 1359 325 1400 non
345 1338 493 1402 dedicauit
515 1338 598 1399 eom?
620 1336 750 1417 Utraque
765 1338 898 1401 Ecclesia
911 1338 1016 1399 Latina
1030 1343 1060 1399 et
1075 1336 1168 1399 Grae·

186 1460 190 1466 ,
215 1440 251 1485 ca
273 1423 377 1483 domos
399 1441 491 1485 novas
512 1420 684 1491 benedicit,
707 1428 737 1483 et
757 1424 836 1483 siout
857 1420 887 1480 in
908 1420 1047 1488 Latinis,
1071 1420 1169 1481 itaet

215 1505 246 1563 in
271 1503 396 1566 Graecis
421 1504 586 1566 Bitnalibns
607 1508 690 1565 extat
709 1502 882 1565 Benedictio
909 1502 1015 1563 domus
1039 1514 1165 1571 novae3
1278 1520 1279 1523 ¹

215 1588 352 1664 quinimo
375 1588 403 1646 in
426 1585 639 1663 Eucbologio‚
665 1603 718 1647 seu
740 1585 851 1648 thnali
874 1585 1058 1647 Graecorum
1080 1602 1098 1643 a
1119 1580 1168 1643 Ja·
1278 1604 1279 1627 r

216 1669 291 1729 cobo
313 1658 394 1730 Goar
420 1668 497 1729 notis
529 1667 677 1728 illustrato
703 1685 772 1747 pag.
798 1658 862 1727 tua
885 1672 916 1729 et
948 1684 1031 1746 seqq.
1061 1664 1169 1727 eortina

88 1815 94 1831 x
215 1749 262 1810 nis
283 1750 442 1821 Venetae,
471 1748 582 1826 legitur
602 1742 693 1809 etiam
715 1748 819 1810 Oratio
845 1750 879 1810 in
899 1748 1092 1830 fundamento
1114 1746 1169 1806 do*
1278 1778 1279 1819 t

214 1842 282 1893 mus
301 1832 449 1910 ponendo.
472 1830 548 1891 Sane
563 1830 627 1908 jam
642 1829 725 1903 olim,
742 1837 776 1892 ut
790 1832 895 1893 doctus
916 1830 1053 1893 Andreas
1074 1828 1165 1890 Saus·
1278 1850 1279 1877 2

214 1930 270 1991 say
286 1912 375 1975 Parte
390 1914 420 1976 ΙΙ
442 1912 608 1993 Pnnnptc'ce
626 1909 844 1984 sacerdotalis,
865 1912 933 1973 Lib.
949 1910 990 1974 ΙΙ.
1008 1909 1076 1971 Art.
1101 1904 1167 1971 XX

214 1994 380 2067 observat,
402 1991 722 2075 apud'Cbr'istitideles
743 1995 794 2056 ilia
816 1996 945 2056 obtinuit
968 1996 1015 2073 pia
1037 2009 1167 2071 consue·

214 2078 311 2146 tud'o,
333 2083 367 2139 ut
389 2080 550 2139 domorum
572 2083 684 2153 postne,
708 2076 807 2149 ostia,
831 2077 956 2147 limina,
980 2076 1113 2155 parietes
1136 2080 1169 2135 ct

217 2158 334 2241 fastigia
366 2160 543 2238 triumphali
562 2158 668 2221 Crucis
690 2159 788 2230 titulo,
806 2158 1018 2238 signaculoqne
1040 2154 1168 2217 salutari

214 2244 486 2304 communicentur.
515 2240 626 2300 Beatus
647 2238 733 2300 Nilus
754 2240 888 2301 scribens
910 2240 955 2307 ad,
970 2236 1168 2318 Olympiade-

213 2340 284 2385 rum
307 2322 523 2385 Proconsulem
546 2328 650 2401 optare
671 2326 703 2383 se
725 2322 777 2394 ait,
796 2327 829 2383 ut
850 2339 906 2382 non
922 2327 1038 2383 tantum
1060 2323 1089 2381 in
1107 2321 1168 2379 sin-

213 2406 290 2481 gulis
312 2406 475 2472 domibus,
499 2404 550 2465 sed
573 2422 833 2481 quarumcumque
855 2402 1016 2464 domorum
1043 2402 1164 2463 habita·

143 2562 146 2566 ἱ
216 2486 289 2548 culis
310 2489 435 2567 singulis
450 2490 599 2547 statuatur
621 2486 720 2565 imago
735 2483 850 2555 Crucis,
868 2493 903 2546 nt
923 2489 1069 2545 memoria
1084 2482 1162 2545 Cru-

214 2566 296 2629 cifisi
317 2574 437 2648 semper
468 2586 573 2629 recens
594 2568 624 2626 in
647 2566 781 2629 lidelium
802 2568 909 2628 animis
930 2568 1054 2645 rigeat,
1078 2570 1109 2625 et
1130 2570 1164 2626 ut

213 2650 339 2713 salutari
366 2654 424 2713 hoc
445 2651 570 2729 pignore
591 2649 795 2719 habitatores,
820 2648 935 2726 etipsa
957 2649 1022 2709 loca
1049 2665 1069 2715 a
1089 2642 1163 2707 lesu

213 2729 335 2795 Christo
356 2737 563 2813 protegantur.
597 2731 716 2794 Morem
736 2750 811 2793 vero
834 2730 925 2792 luisse
947 2728 1104 2807 antiquum
1132 2728 1163 2787 in
1278 2766 1279 2771 κ

214 2815 376 2877 domorum
398 2815 549 2875 liminibus
571 2831 663 2891 super
685 2818 784 2892 postes
805 2810 934 2873 Crucem
956 2812 1076 2873 Domini
1098 2808 1165 2869 alii·

213 2904 286 2975 gere
313 2916 384 2959 cnm
406 2894 688 2975 bacEpigrapbe:
720 2894 856 2957 Christus
870 2896 1032 2955 nobiscnm:
1056 2898 1163 2959 παίω

213 2978 299 3050 idest,
319 2976 463 3042 'Trousite
485 2976 592 3058 dupeli
608 2978 891 3055 pernoctaturum
913 2973 1165 3055 Apnt'tmmotnti

211 3062 368 3141 admisero
389 3064 566 3141 signaculo,
591 3077 687 3136 eaque
709 3057 804 3136 ligura
819 3064 850 3119 et
871 3056 1060 3136 inscriptione
1077 3054 1165 3132 luga-

212 3148 259 3205 tas
279 3143 372 3207 inisse
391 3144 586 3223 pestilentias,
604 3155 790 3219 compressos
813 3142 1022 3217 terraemotus,
1040 3136 1164 3215 fulgura·

210 3225 365 3303 dissipata,
382 3230 413 3287 et
435 3227 561 3286 adversa
577 3240 715 3301 quaeque
734 3222 862 3301 repulsa,
879 3222 1044 3303 praeclaris
1060 3232 1164 3279 exem-

158 3347 160 3350 ψ
211 3305 271 3384 plis
302 3311 452 3369 testantur
473 3307 590 3385 antiqui
612 3303 792 3383 Scriptores,
818 3320 893 3381 quos
918 3300 999 3363 idem
1029 3300 1165 3378 saussay·

212 3388 305 3449 citato
321 3390 386 3450 loco
408 3395 557 3451 recenset.
580 3386 615 3448 ln
629 3384 722 3447 Libro·
735 3384 1000 3453 sacramentorum
1018 3386 1162 3459 excerpto

212 3466 425 3532 aGrinroaldo
440 3470 556 3531 Abbate
578 3488 616 3531 ex
637 3466 817 3529 Sanctorum
839 3464 961 3529 Petrum
983 3464 1157 3543 Opuscnlis,
1278 3488 1279 3505 r

212 3554 248 3610 ut
268 3551 422 3629 inscriptio
453 3551 610 3629 praeteri,
641 3555 724 3611 extat
751 3548 923 3617 Benedictio
951 3547 1056 3607 domus
1086 3557 1164 3621 quae
1278 3596 1279 3599 ,

210 3630 328 3695 duetus
349 3634 533 3695 orationibus
546 3630 729 3693 continetur.
753 3626 792 3695 Ut
813 3636 914 3719 antem
934 3626 1066 3691 Bitualia
1087 3627 1164 3688 sult-
