2567 4042
444 207 672 278 mliii&-

72 339 207 395 ctorum.
229 331 261 394 S.
274 331 381 396 Petrus
395 333 544 406 Damiani,
569 335 807 399 Monasticorum
823 338 947 399 Rituum
963 353 1033 414 pro-

71 419 225 558 ffignalor
245 417 435 486 acerrimus‚·
455 419 569 495 primus
585 426 642 490 est,
668 421 720 497 qui
740 419 882 481 Officium
906 436 1034 497 parvum

118 499 268 560 atissimae
285 496 415 577 Virginis
430 500 592 562 instituisse
608 507 764 572 narratum
789 521 896 565 rerum
912 505 947 562 nt
962 518 1031 576 pro-

73 580 141 656 prie
157 578 288 640 advertit
308 579 483 647 (insanius,
511 582 650 645 laudatus
676 584 861 644 clarissimus
883 584 930 642 nir
954 578 1034 658 ejus·

72 660 144 722 dem
159 659 258 722 Officii
271 661 326 722 init
340 665 438 740 polius
453 669 639 726 restaurator
655 683 747 742 quam
764 666 928 732 institutum
941 681 1033 740 qnam

73 742 199 882 Fuidenr
215 745 372 807 veritatem
396 751 543 808 testantur
564 747 657 807 etiam
679 748 842 824 scriptores
863 748 944 806 ritae
965 743 1034 823 ejus
1086 751 1090 758 “

85 824 134 886 rde
157 826 347 902 dignissimi,
372 827 514 888 nimirum
536 826 663 888 loannes
684 828 870 898 Monachus,
894 826 1035 905 ejusdem

74 905 178 967 Sancti
200 905 279 968 Petri
301 909 440 969 Damiaui
461 909 624 987 discipulus
645 910 719 988 Cap.
746 910 806 979 15;
829 908 958 970 loannes
972 908 1035 968 hu·

73 989 175 1051 tonius
196 987 359 1052 Flaminius
381 991 669 1063 Forocorneliensie,
689 1004 757 1070 post
780 991 918 1051 medinm
936 1011 944 1061 ;
960 988 1036 1050 ,Διι-

72 1072 213 1146 gustinns
227 1068 408 1134 Fortunatus
423 1072 669 1142 Camaldulensis,
693 1073 759 1134 Lib.
777 1074 805 1135 V
826 1070 1035 1134 Historiarum

75 1148 374 1220 Comnldnlenaium:
397 1164 426 1215 ct
446 1152 653 1234 Hieronymus
674 1154 810 1225 liabens,
835 1155 901 1214 Lib.
926 1151 954 1213 V
975 1149 1034 1213 Hi·

72 1234 186 1294 atoriac
208 1231 455 1298 Rauennatenn's.
479 1233 519 1296 Hi
543 1255 647 1296 omnes
670 1237 861 1297 uniformiter
882 1240 1032 1302 asserunt,

72 1313 216 1376 Officium
250 1334 377 1395 parvum
401 1317 593 1384 Beatissimae
616 1317 748 1394 Virginis
780 1318 911 1377 aBeato
942 1317 1032 1376 Petro

74 1415 133 1456 non
158 1398 349 1469 institutum,
373 1401 424 1462 sed
448 1401 619 1460 restitutum
642 1401 747 1461 inisse.
767 1398 872 1460 vhitins
903 1394 1031 1458 aPetro

72 1477 213 1540 Damiani
226 1481 408 1556 praedictam
422 1482 638 1542 institutionem
653 1481 847 1558 repetendam
859 1484 1033 1540 esseosteu·

74 1559 117 1622 dit
140 1562 233 1622 etiam
255 1559 421 1624 Cardinalis
443 1564 523 1623 Bona
546 1562 619 1641 Cep.
636 1562 699 1623 ΧΠ
722 1563 759 1622 de
775 1562 887 1623 Divino
906 1559 1037 1621 Psalmo-

74 1640 126 1703 dio
150 1643 325 1719 inutraque
347 1645 426 1706 enim
443 1643 578 1704 Ecclesia
594 1646 712 1706 Graeca
735 1651 766 1706 et
787 1643 892 1704 Latina
907 1644 953 1702 vir
969 1660 1036 1703 eru·

74 1722 240 1786 ditissimus
263 1726 354 1788 horas
385 1727 419 1786 B.
444 1725 558 1787 Mariae
582 1724 714 1804 Virginis
744 1727 891 1786 institutes
925 1724 1037 1784 invenit

74 1807 219 1867 trecentis
241 1813 272 1868 et
293 1809 422 1885 amplius
438 1810 522 1870 annis
544 1815 612 1868 aute
627 1807 753 1870 Petrum
768 1806 960 1867 Damianum.
986 1804 1035 1864 ln-

75 1889 242 1951 slitutionis
258 1889 350 1968 hujus
365 1891 481 1950 occasio
495 1908 532 1950 ex
545 1888 764 1950 Ecclesiasticis
776 1888 942 1948 Annalibus
958 1887 1034 1946 haec

75 1974 131 2030 est.
159 1971 246 2030 Anno
270 1969 387 2032 Domini
412 1970 491 2032 1095
516 1969 654 2033 Urbanus
677 1970 703 2030 ll
736 1969 879 2030 Summus
900 1969 1037 2029 Pontifex

75 2067 168 2128 aegre
191 2050 298 2112 terens
314 2054 387 2115 lesu
410 2051 521 2114 Christi
545 2052 746 2121 incunabula,
779 2051 907 2129 ejusque
930 2049 1037 2126 Sepul-

76 2133 188 2194 chrum
226 2133 263 2192 ab
285 2133 451 2195 infidelibus
473 2133 581 2196 Tuscis
603 2135 685 2195 omni
709 2150 819 2210 genere
841 2129 1037 2193 contumelia-

77 2233 148 2276 rum
172 2215 260 2283 ellici,
286 2218 315 2274 in
331 2216 463 2278 Concilio
486 2217 563 2292 apud
577 2215 800 2276 Claremonlem
823 2215 851 2274 in
867 2213 972 2275 Galliis
988 2229 1037 2272 cc-

76 2296 195 2358 lebralo
218 2297 472 2374 tellumonem
498 2298 612 2358 indixit.
638 2296 687 2371 tn
709 2301 809 2356 auteur
833 2314 880 2355 res
902 2292 1037 2353 difficilli-

76 2397 126 2440 ma
150 2385 284 2456 optatum
308 2384 543 2457 consequeretur
558 2380 713 2448 ellectum,
727 2379 875 2453 optimum
891 2375 976 2436 duxit
989 2392 1037 2434 sa·

77 2467 253 2521 crosanctae
270 2461 403 2541 Virginis
426 2461 566 2538 precibus
596 2462 652 2521 sibi
679 2459 777 2519 Deum
807 2459 977 2518 conciliare.
1002 2454 1037 2516 ln

79 2540 167 2620 cujus
184 2544 227 2601 rei
242 2547 369 2620 gratiam
386 2543 523 2612 sancivit,
542 2550 575 2602 nt
589 2541 726 2619 ejusdem
743 2540 953 2600 Sanctissimae
969 2537 1039 2598 Vir·

77 2625 154 2702 ginis
168 2624 309 2685 Officium
324 2625 385 2703 jem
408 2623 622 2701 aquibusdam
639 2622 796 2685 Monachis
811 2621 1038 2698 frequentatum

76 2705 184 2766 abillis
206 2707 406 2768 deduceretur
428 2707 465 2765 nd
477 2703 621 2771 Clemens,
646 2705 696 2780 qui
713 2705 759 2780 pie
772 2708 947 2780 susceptum
962 2719 1037 2761 onus

77 2789 204 2865 singuiis
221 2790 327 2850 dicbus
342 2789 546 2867 persolventes
563 2788 618 2848 llei
634 2785 762 2847 Matrem
779 2788 952 2853 exorarent,
976 2800 1037 2858 quo

77 2869 144 2949 ejus
166 2873 316 2949 aspirante
339 2871 433 2950 gratia
455 2869 551 2930 tidelis
573 2870 703 2947 populus
725 2869 754 2926 in
777 2870 866 2926 tantis
888 2863 1039 2924 discrimi-

78 2954 168 3013 nibus
189 2953 350 3014 subeundis
372 2952 472 3013 divino
496 2951 645 3028 praesidio
672 2949 852 3010 muniretur.
886 2945 973 3020 Quod
996 2943 1038 3003 oi·

81 3034 185 3096 licium
198 3055 234 3096 ca
249 3035 405 3095 occasione
420 3035 589 3094 institutum
606 3037 690 3092 tanto
705 3030 843 3105 deinceps
857 3029 955 3088 studio
971 3043 1037 3103 pro·

80 3121 223 3198 pagetum
241 3116 307 3183 init,
333 3122 366 3176 ut
382 3117 436 3194 ipsi
460 3115 549 3176 ctiam
573 3112 642 3174 laici
665 3131 734 3173 cum
752 3109 1037 3188 magnogratiarum

80 3201 207 3262 foenore
229 3199 303 3260 illud
324 3197 437 3258 soleant
458 3197 664 3272 frequentare.
688 3192 733 3253 Ex
749 3194 836 3253 dietis
857 3209 943 3252 error
964 3207 1039 3266 quo·

81 3281 222 3342 rumdam
244 3281 446 3349 convincitur,
470 3280 520 3355 qni
544 3275 697 3337 Urbanum
713 3275 883 3337 Secundum
907 3273 1040 3350 primum

79 3364 190 3424 harum
214 3379 339 3440 precum
362 3362 474 3422 iaciunt
496 3365 673 3424 auctorem,
698 3374 896 3419 cumeorum
920 3372 1039 3431 promo-
1067 3410 1070 3412 ,

82 3452 141 3513 tor,
168 3443 399 3504 nouinstitutor
421 3441 529 3513 iuerat,
547 3440 628 3517 qnod
651 3445 753 3501 natum
769 3441 798 3498 in
814 3438 954 3498 claustris
975 3436 1039 3496 ido·

84 3527 275 3593 nachorem,
310 3527 340 3604 in
362 3526 460 3586 lucem
483 3525 617 3601 gentium
649 3523 800 3600 sapienter
831 3519 981 3580 eduxerit.
1004 3516 1040 3580 ht

84 3607 183 3670 Oilicii
205 3608 289 3684 parvi
312 3607 504 3669 Reatistimae
525 3605 658 3685 Virginis
681 3603 857 3665 recitatione
879 3601 957 3662 idem
973 3599 1037 3659 iere
