2567 4042
454 203 679 274 &931th-

90 335 153 392 siae
186 330 352 408 Scriptores
386 339 543 394 testantur.
569 329 684 394 Verum
708 335 787 392 enirn
816 351 887 392 voro
920 335 998 409 rquod
1028 353 1045 393 a

88 413 278 475 Christianae
303 413 464 493 Religionis
487 414 656 492 primordiis
678 415 826 476 asservari
851 416 879 474 in
901 414 1041 476 Christia-

90 513 196 556 norum
221 493 563 574 Templis‘Eucharislia
586 499 735 576 coeperit,
759 495 823 575 jam
853 516 905 558 nos
926 497 1044 557 abunde

90 577 275 638 ostendimus
302 578 397 649 Toino
415 578 457 660 Jll
480 577 704 658 Antiquitatum
731 578 987 641 Christianorum.
1010 579 1045 638 ln

18 705 21 710 .
92 657 223 720 Ecclesis
246 655 470 720 parochialibus
487 656 577 721 “duae
600 681 666 722 esse
698 661 808 722 dehent
828 660 957 740 Pyxidas
975 703 982 728 ,
998 737 1001 742 .
1016 661 1045 718 in

92 760 219 819 quarum
242 758 299 801 una
322 739 516 804 conservatur
539 743 748 809 Eucharistia,
772 744 802 802 in
818 743 913 804 altera
935 744 1047 802 delera-

92 832 141 884 tur
163 823 199 883 ad
223 822 368 884 infirmos,
405 825 447 886 De
471 829 638 886 renovanda
668 845 753 886 sacra
778 825 965 886 Eucharistia
992 824 1046 884 ha·

2 973 3 978 1
92 907 197 966 herulis
220 906 341 965 Concilii
364 907 545 968 Turonensis
568 909 732 968 Decretum
760 908 840 984 apud
862 906 1047 986 Reginonem

91 985 157 1047 Lib.
178 986 189 1045 l
213 985 441 1050 Ecclesiasticus
456 989 653 1067 Discipliuirn
669 989 741 1069 Cap.
757 989 845 1049 LXX
858 1002 892 1050 ct
908 992 1047 1051 torticia

2 1113 3 1118 η
92 1072 217 1129 tertiam
240 1068 317 1128 diem
338 1088 451 1148 scalper
467 1085 605 1132 mulctare.
621 1071 797 1132 Communis
811 1079 911 1132 tamen
926 1073 1048 1133 latinae

93 1148 245 1210 Ecclesiae
267 1169 340 1211 usus
356 1153 494 1222 obtinuit,
519 1161 552 1214 ut
574 1157 667 1214 scnrel
691 1159 806 1214 tantum
830 1156 953 1232 singulis
976 1155 1048 1215 heb·

2 1277 3 1302 ,
95 1232 256 1302 domadis‚
282 1239 332 1292 aut
355 1235 390 1292 ad
413 1253 564 1295 summum
588 1238 711 1314 singulis
733 1237 902 1311 nulliusque
925 1237 1048 1312 quinde-

95 1317 140 1374 nis
162 1313 268 1374 diebus
290 1313 478 1378 Eucharistia
502 1318 537 1378 ad
560 1317 712 1378 Viatlcum
735 1316 925 1396 infirmprum
950 1329 1044 1379 reser-

2 1441 4 1452 .
93 1401 160 1456 vata
177 1399 381 1461 innovaretur,
406 1400 515 1476 idquod
533 1397 654 1459 infinitis
678 1417 769 1478 prope
787 1401 962 1460 testimoniis
984 1418 1050 1479 pro-

95 1480 167 1540 bare
191 1498 222 1540 se
245 1497 332 1555 posse
354 1483 396 1539 ait
418 1481 554 1552 Martene
574 1479 667 1540 Lih.l
690 1479 733 1540 De
749 1480 884 1560 antiquis
899 1480 1049 1564 Ecclesiae

83 1559 223 1631 'Ritihua
253 1563 328 1640 Cep.
360 1561 404 1621 VI
421 1561 634 1624 Articulo'III
652 1583 735 1622 nem.
760 1561 818 1622 IX.
842 1561 954 1637 Octava
975 1581 1050 1640 quo·

2 1691 5 1728 ξ
93 1660 154 1717 que
173 1643 220 1702 dic
243 1644 443 1703 renovandam
466 1663 531 1706 esse
553 1644 791 1715 Eucharistiam,
818 1648 922 1705 statuit
943 1648 972 1706 in
995 1663 1049 1705 suo

93 1723 272 1784 Provinciali
295 1723 337 1784 lV
359 1725 573 1798 Mediolanensi
596 1727 727 1788 Concilio
756 1727 787 1786 S.
811 1726 960 1796 Carolus,
979 1718 1049 1787 ¹Ca-

94 1807 155 1883 pite
178 1808 330 1883 inscripto:
358 1807 442 1883 Quae
463 1809 503 1868 cd
526 1810 751 1875 Scuctr'ssimunt
773 1806 981 1870 Eucharistiae
995 1807 1051 1877 Se-

95 1897 280 1968 crumentum
303 1893 462 1967 pertinent.
487 1890 628 1952 Ceterum
653 1910 689 1950 nc
712 1892 791 1950 ultra
812 1895 949 1951 octavam
970 1893 1049 1952 diem

2 2046 3 2056 ἵ
93 1971 259 2050 particulae
275 1972 356 2048 ipsae
382 1980 555 2042 serrantur,
572 1990 713 2047 expresse
729 1973 872 2032 mandant
886 1992 943 2033 non
961 1974 1048 2034 modo

94 2055 277 2116 recentiores
300 2056 409 2130 passim
434 2054 556 2134 Synodi‚
582 2072 688 2113 rrerrrm
712 2055 905 2130 antiquiores.

3 2199 4 2207 q
119 2133 189 2194 tv.
207 2131 338 2208 ¹Fideles
366 2155 470 2202 ornnes
498 2156 555 2196 non
584 2135 674 2196 modo
700 2136 737 2194 ad
767 2153 883 2196 sacram
909 2133 1051 2195 Commu-

3 2277 4 2282 ,
93 2217 215 2276 nionem
239 2235 304 2276 esse
334 2218 556 2288 admittendos,
581 2219 800 2279 verumetiam
825 2219 918 2279 teneri
946 2217 1047 2294 ipsos,

3 2359 4 2367 ,
93 2300 145 2360 nbi
169 2299 205 2359 ad
228 2317 320 2358 annos
342 2301 527 2360 discretionis
550 2302 754 2379 pervenerint,
778 2301 870 2361 semel
892 2300 997 2360 saltem
1022 2300 1049 2359 in

3 2433 4 2446 ,
93 2389 171 2442 anno
193 2381 275 2441 illam
296 2383 451 2458 percipere
473 2384 501 2440 in
518 2382 676 2456 Paschate,
699 2401 839 2458 expresse
860 2382 963 2441 statuit
978 2379 1050 2441 Con·

3 2461 4 2530 ζ
93 2461 194 2524 cilium
225 2462 371 2523 Generale
395 2461 437 2522 lV
466 2463 692 2527 lateranense,
720 2461 793 2541 Cap.
817 2463 908 2524 xxi.
932 2462 1051 2524 Verum
1082 2519 1085 2523 ,

3 2597 4 2630 r
93 2545 233 2622 ‹qrramvis
255 2545 329 2607 haec
351 2545 398 2604 lex
424 2541 576 2610 Ecclesiae
597 2547 775 2607 alletoritate
797 2548 910 2607 sancita
932 2547 970 2606 ad
990 2564 1052 2606 om·

94 2646 146 2688 nes
168 2626 273 2688 fideles
296 2627 464 2705 pertineat.
490 2627 658 2706 non'pauci
682 2632 781 2688 tamen
805 2629 841 2687 ah
864 2630 926 2703 ipsa
948 2645 1052 2688 sacrae

94 2708 306 2783 Eucharistiae
334 2710 527 2787 perceptione
545 2711 630 2791 juste
652 2710 767 2771 ratione
791 2710 995 2785 prohibentur,
1018 2714 1052 2770 ut

94 2791 136 2851 ait
158 2796 294 2850 nostrum
317 2788 462 2858 Rituale,
486 2793 616 2870 antiquis
638 2786 761 2850 Petrum
784 2791 920 2850 Decretis
949 2793 1051 2853 inhae-

96 2891 176 2934 rens.
203 2869 287 2932 Sicut
309 2876 387 2934 enim
410 2871 544 2938 Ecclesia
567 2873 693 2935 sollicita
715 2890 835 2949 semper
858 2873 926 2940 luit,
949 2881 984 2934 ut
1004 2890 1053 2932 re·

96 2957 156 3015 nati
181 2956 210 3014 in
226 2952 346 3016 Christo
362 2974 463 3016 sacrae
476 2951 683 3017 Eucharistiae
706 2954 952 3029 alimonialitam
967 2958 1054 3014 suam

95 3035 284 3113 spiritualem
324 3039 496 3106 nutrirent,
531 3057 565 3098 ac
598 3038 759 3104 soverent,
794 3037 834 3097 ita
866 3053 923 3094 non
956 3037 1054 3095 minus

89 3118 154 3199 *luit
175 3119 317 3187 solicita,
343 3140 378 3181 ne
400 3125 504 3185 eontra
527 3119 645 3178 Domini
668 3121 862 3194 praeceptum
881 3115 1054 3200 ,Sanctum

98 3199 222 3260 daretur
250 3201 397 3272 cortibus,
421 3210 454 3262 et
478 3221 515 3280 ne
543 3202 610 3278 quis
639 3200 775 3278 indignus
803 3200 839 3263 ed
868 3199 926 3259 hoc
948 3197 1054 3262 Sacra·

100 3289 234 3342 mentum
268 3284 438 3352 accedeus,
469 3283 617 3361 judicium
645 3282 701 3341 sihi
728 3280 924 3341 manducaret
949 3286 979 3342 et
1010 3279 1055 3339 bi·

100 3361 210 3432 beret,
240 3381 296 3422 non
320 3364 487 3444 dijudicans
508 3363 622 3442 Corpus
647 3362 777 3423 Domini,
805 3359 849 3434 Et
875 3359 1055 3438 primo‘Ex·

4 3483 6 3489 ·
101 3445 311 3506 communicati
333 3453 364 3508 et
384 3446 549 3514 interdicti.
572 3464 629 3505 non
652 3445 722 3505 sunt
742 3443 979 3506 communicandi
1002 3460 1053 3504 ne·

101 3541 159 3600 quo
175 3525 304 3602 publice,
329 3547 426 3606 neque
442 3529 593 3606 privatim.
617 3525 724 3602 ‘ltaque
756 3543 793 3585 ex
810 3533 983 3604 pervetusto
997 3525 1055 3591 Iic-

102 3605 212 3668 clesiae
234 3610 307 3691 ritu,
330 3607 418 3690 cujus
440 3612 522 3674 testis
542 3616 588 3672 est
606 3609 644 3700 ⁴S.
669 3605 857 3687 Cyprianus,
880 3624 1055 3671 excommu-
