2567 4042
467 192 528 254 w
552 183 591 243 17
608 189 673 252 in·

92 313 143 373 cile
166 310 331 389 perspiciet
349 310 518 389 Liturgiam
534 312 572 373 ab
587 312 672 373 initio
689 328 747 377 non
771 312 801 371 in
817 312 964 373 incertum
989 306 1047 373 ssu-

94 402 228 472 eiuasse‚
252 392 306 453 sed
328 410 447 455 summa
468 412 542 454 cura
564 394 698 473 primum
720 393 758 453 ab
779 396 850 470 ipsis
872 390 1044 475 Apostolis,

95 475 181 553 quoad
204 475 386 552 praecipuos
415 477 490 537 ritus
511 477 728 554 praescriptam
758 473 851 537 luisse
883 484 974 553 atque
996 477 1049 538 de-

95 560 300 627 terminatam3
327 564 391 618 tum
412 560 505 619 variis
527 558 628 635 legum
650 556 894 625 accessionibus,
918 559 1047 636 synodo·

93 654 153 701 rum
163 640 307 708 decretis,
322 640 528 701 Ecclesiarum
544 640 812 714 consuetudinibus
824 644 943 701 nuciam
956 646 1048 719 atque

92 729 222 783 ornatam
237 722 275 782 ad
286 723 427 797 sequiora
444 740 578 783 manasse
590 729 739 800 tempora.
752 722 816 781 Non
829 727 874 783 est
888 722 979 798 igitur
992 724 1050 783 rni-

95 820 154 865 rum
167 810 305 865 sanctam
316 803 521 865 Tridentinam
532 804 681 884 synodum
705 804 803 865 eidem
825 804 1004 871 institutioni
1019 824 1048 865 a·

93 885 248 961 postolicae
269 888 347 947 ritus
370 887 523 963 liturgicos
544 886 703 955 tribuisse;
730 885 938 955 Caeremom'os
952 884 1047 966 (Sese.

92 965 208 1045 fflcap.
225 966 281 1048 5),
304 968 375 1028 item
397 967 534 1030 adhibuit
549 967 694 1039 Ecclesia,
719 978 753 1030 ut
774 971 912 1047 mysticos
934 966 1050 1029 denedi-

93 1052 218 1118 moues,
241 1051 381 1118 lumino,
403 1051 632 1129 thymiamate,
662 1058 753 1111 uestes
765 1088 783 1119 ,·
796 1052 916 1128 alioque
947 1050 982 1111 id
1003 1066 1050 1129 ps-

93 1139 146 1192 aus
163 1132 271 1199 multu,
295 1149 335 1190 eac
355 1134 516 1210 apostolica
537 1132 698 1211 discipline
719 1141 746 1191 et
767 1131 944 1193 traditione.

93 1255 98 1263 -
131 1212 227 1274 sssis
248 1214 355 1291 primis
387 1220 546 1291 praeterea
579 1213 731 1284 firmiter,
756 1230 795 1275 ac·
813 1217 985 1276 constanter
1006 1216 1050 1275 te-

94 1296 238 1366 nendum,
260 1296 406 1371 quidquid
431 1298 461 1356 in
482 1296 625 1375 Liturgiis
648 1296 855 1358 Ecclesiaruni
881 1314 938 1355 usu
966 1312 1050 1357 rece·

94 1379 148 1453 piis
165 1378 364 1455 praecipuum
386 1383 432 1439 est
452 1396 487 1439 ac
509 1378 681 1447 essentiale,
707 1382 804 1438 toturn
826 1380 862 1439 id
879 1395 916 1437 ex
932 1382 1050 1456 aposto-

93 1459 351 1520 lica'instiiutione
378 1478 525 1523 manasse.
549 1459 630 1521 Hinc
652 1458 791 1537 ejusdem
823 1458 1051 1535 antiquissimas

93 1541 256 1603 traditionis
277 1559 343 1602 esse
357 1545 573 1620 comprobatur
589 1540 730 1621 Hymnus
746 1541 980 1621 glorificationis,
997 1558 1052 1603 seu

94 1620 196 1700 Gloria
217 1622 307 1683 Pacu
329 1633 384 1683 etc.
409 1626 540 1700 quinon
562 1624 738 1685 Flavianum
762 1624 945 1689 monachum
959 1623 1053 1684 habet

93 1711 267 1773 auctorem,
283 1710 319 1764 nt
341 1707 474 1766 nonnulli
489 1724 651 1785 perperam
668 1706 829 1773 tradidere,
847 1706 904 1781 sed
921 1706 958 1765 ab
974 1705 1052 1783 Apo·

92 1786 172 1864 stolis
192 1786 362 1849 derivatum
384 1786 477 1848 luisse
498 1789 718 1850 demonstravit
738 1786 905 1865 Cardinalis
920 1788 1001 1848 Bona
1016 1786 1051 1847 de

94 1868 203 1929 Diuiue
225 1868 401 1929 Psalmodia
432 1869 506 1947 Cap.
541 1869 580 1929 16
608 1868 638 1933 d.
668 1868 688 1929 6
722 1875 755 1931 et
785 1872 895 1933 iterum
923 1869 1052 1933 ostendit

96 1947 207 2009 ilerum
228 1948 444 2028 Lsurpicurum
464 1952 531 2013 Lib.
555 1951 584 2012 ll
606 1950 680 2030 Cap.
698 1951 730 2023 3,
752 1952 808 2013 ubi
832 1952 907 2031 Sala
920 1953 951 2011 in
973 1952 1053 2013 notis

93 2036 228 2092 soterum
249 2030 403 2094 Ecclesiae
417 2032 542 2094 Petrum
563 2034 736 2095 testimonia
757 2034 887 2112 proieci.
905 2034 1051 2095 Salutatio

85 2111 238 2173 -Domc‘uus
263 2115 414 2176 Vobiscum
435 2121 652 2195 praeterquam
675 2116 756 2193 quod
779 2134 796 2175 e
820 2114 927 2182 Veteri
947 2113 1052 2175 Testa·
1088 2120 1097 2148 “²

96 2200 191 2256 mento
214 2197 244 2254 in
266 2194 434 2257 Ecclesiam
467 2199 604 2259 derivata
636 2201 708 2266 est3
731 2198 811 2269 Rooz
840 2197 941 2267 enim,
966 2196 1050 2257 utin
1127 2257 1131 2267 ‚

95 2274 181 2340 Libro
202 2277 288 2339 Ruth-
312 2278 386 2353 Cap.
410 2276 438 2338 11
461 2281 613 2358 legimus,
648 2280 781 2340 salutans
803 2294 952 2340 messores
980 2294 1051 2338 suos

96 2358 159 2419 aitt.
173 2358 322 2421 Dominus
341 2361 519 2435 Vobiscum,
544 2364 575 2421 et
596 2361 748 2439 Propheta
765 2360 873 2422 missus
895 2379 913 2419 a
934 2361 998 2421 Deo
1014 2359 1052 2419 ad

94 2438 187 2502 dsani·
203 2442 319 2519 Regem
341 2441 462 2513 Judae,
486 2462 556 2505 curn
578 2445 677 2503 victor
704 2462 720 2504 e
743 2444 857 2520 praelio
880 2444 1051 2505 revertere·

97 2527 163 2594 lun,
183 2524 262 2585 dixit
283 2523 347 2595 illi,
371 2530 402 2586 et
428 2526 466 2586 iis
487 2526 540 2602 qui
568 2526 638 2586 cum
665 2525 731 2602 ipso
759 2531 846 2589 erant
873 2524 894 2583 2
920 2524 1049 2602 Paralip,

95 2600 163 2684 Cap.
181 2605 252 2673 XV,
268 2604 415 2667 &miuus
435 2610 606 2679 uobiscum,
636 2607 709 2685 quie
729 2606 832 2683 fuistis
853 2624 920 2666 cum
941 2626 997 2675 eo;
1023 2607 1053 2665 in

31 2733 32 2738 ,
94 2682 396 2766 NoroTestamento·
411 2689 487 2749 haee
510 2689 616 2750 eadem
638 2688 780 2748 salutatio
797 2688 866 2747 vvim
894 2692 925 2748 et
950 2688 1054 2747 eldea·-

93 2769 170 2828 oiani
191 2771 343 2846 accepisse
358 2770 477 2831 videtur
498 2790 537 2833 ex
557 2771 660 2831 verbis
675 2767 788 2829 Christi
803 2768 924 2829 Domini
939 2769 1051 2829 Matth.

94 2847 319 2928 usu-xxviii
334 2848 411 2911 Ecce
433 2871 485 2930 epo
498 2854 648 2915 uobiscum
664 2870 729 2912 sum
742 2852 879 2912 omuibus
891 2850 993 2911 diebus
1004 2870 1053 2915 us·

96 2950 148 3009 que
175 2934 217 2993 od
239 2936 521 2995 consummationem
543 2935 680 2994 soeculi:
703 2950 738 2993 ac
760 2933 886 3011 proinde
907 2934 993 2992 illam
1014 2933 1053 2993 ab
1130 2976 1131 2979 ,

97 3014 245 3091 Apostolis
260 3016 411 3083 traditam,
428 3022 460 3076 et
473 3017 502 3075 in
518 3014 686 3077 Ecclesiam
702 3015 903 3077 introductam
917 3016 1054 3092 agnoscit
1103 3036 1106 3043 ·

97 3092 259 3159 Concilium
281 3097 467 3159 Bracarcnse
489 3097 502 3157 1
531 3116 598 3159 can.
622 3096 676 3159 21.
700 3094 874 3166 Collectas,
905 3116 959 3158 seu
982 3115 1055 3158 ora·

96 3178 190 3240 dones
212 3181 346 3247 breves,
362 3180 472 3256 quibus
493 3181 698 3259 petendorum
720 3194 840 3246 summa
863 3181 966 3257 paucis
981 3197 1057 3242 ver-

96 3258 355 3329 biseontinetur,
376 3263 450 3323 nulli
472 3262 598 3323 dubium
619 3280 686 3322 esse
699 3265 798 3338 potest
811 3288 820 3331 ‚·
843 3263 888 3321 uti
898 3260 1059 3323 fosservat

97 3339 260 3409 Gardinalis
273 3343 361 3403 Bona·
368 3344 408 3403 ab
424 3343 588 3419 Apostolis,
606 3359 778 3417 eorumque
788 3344 970 3409 immediatis
984 3362 1053 3405 sue-

98 3426 317 3490 cessoribusin
337 3426 430 3508 sacris
451 3427 647 3487 conventibus
667 3430 841 3502 usurpatas.
859 3436 890 3471 -0

135 3506 246 3571 Pteces
261 3524 375 3585 porro,
399 3524 479 3583 quae
500 3509 531 3567 in
551 3504 706 3569 Sacrificio
726 3507 840 3569 Missae
853 3506 1055 3584 fundebantur

100 3584 258 3665 Apostolus
283 3588 428 3670 indicati
456 3588 591 3652 Timoth.
613 3587 738 3649 ltu-1
765 3588 957 3666 et'seq.·ubi
985 3588 1052 3648 aits

231 3684 292 3739 Vol.
328 3690 349 3740 1.
591 3677 599 3696 ⁹
886 3682 922 3735 -2
