2567 4042
474 167 698 281 mirrea«.

109 338 246 401 litatiinis
267 355 345 416 quae
376 336 525 410 habentur
546 354 585 398 ex
607 354 664 397 usu
687 352 842 397 sacrarum
865 336 1059 418 imaginum:

111 418 268 482 Eccitctio
280 419 450 561 scilicebod
459 418 653 479 imitandam.
669 417 842 496 Explicatur
858 422 973 499 prolixe
985 423 1060 482 haec

114 505 226 565 utilitas
254 503 283 563 in
307 500 364 561 Vll
411 502 535 579 yuodo‚
558 502 675 563 actione
698 500 740 561 Vi
767 501 803 560 de
825 520 919 579 caque
940 506 1061 584 egregie

113 586 246 663 loquitur
268 583 300 644 S.
320 584 447 645 Basilius
467 582 612 644 Oratione
634 584 664 643 in
686 584 880 661 quadraginta
896 586 1058 665 Martyres.

112 666 206 727 Recte
227 666 389 729 admodum
411 664 567 727 Catholica
582 662 717 725 Ecclesia
739 683 796 725 non
818 664 906 725 modo
929 666 958 727 in
974 687 1062 745 gene·

110 750 169 809 rati
186 747 318 810 Nicaeno
330 747 371 819 ii3
389 748 441 807 sed
463 756 494 809 et
515 747 545 805 in
566 747 658 806 variis
674 746 801 825 Synodis
822 746 920 826 jussit,
937 767 988 809 eas
1011 770 1064 830 po-

112 833 261 892 tissimum
294 830 495 891 observandas
517 846 583 889 esso
605 827 779 907 imagines,
803 846 880 906 quae
903 832 939 890 ad
965 835 1063 907 poeni-

113 914 264 981 tentiam,
293 918 324 973 et
351 919 546 990 peccatorum
569 910 797 971 detestationem
819 912 893 987 ¹ipso
914 914 980 973 risu
1011 933 1063 974 nos

88 1000 246 1074 movent.
263 995 366 1067 Quare
386 1011 455 1053 cum
478 1010 516 1055 ex
538 992 663 1052 auaritia
687 998 718 1053 et
739 987 869 1059 habUdi
891 995 990 1056 studio
1012 994 1064 1055 ali-

114 1076 182 1153 quis
204 1077 331 1154 rapitur,
354 1074 540 1137 Matthaeum
563 1091 600 1133 ex
622 1074 731 1135 telonio
754 1074 932 1153 Apostolum
955 1077 997 1136 illi
1019 1080 1064 1136 in-

109 1158 227 1240 dicant,
251 1159 303 1235 qui
337 1156 440 1218 relicta
461 1156 606 1217 avaritiae
628 1156 759 1225 insania,
783 1154 885 1216 lesum
908 1156 1063 1221 Christum

113 1246 236 1301 secutus
257 1244 313 1300 cst.
331 1238 418 1317 Apud
434 1238 557 1299 Sanctos
573 1235 677 1297 Patres
701 1238 869 1299 testimonia
892 1240 1001 1314 passim
1018 1241 1063 1300 in·
1082 1252 1086 1259 ·

113 1323 242 1390 venies,
265 1321 375 1397 quihus
396 1322 492 1397 magis
524 1320 679 1396 magisque
702 1320 776 1380 hacc
799 1320 960 1380 Sacrarum
985 1319 1064 1383 ima·

110 1405 218 1482 ginum
240 1404 350 1465 utilitas
372 1403 597 1479 comprobatur.
622 1402 653 1461 S.
671 1399 835 1479 Gregorius
856 1400 1009 1478 Nyssenus
1031 1406 1060 1463 in

108 1487 235 1549 ¹Cantica
267 1485 304 1545 de
326 1502 359 1544 se
390 1481 573 1562 profitetur,
597 1501 735 1560 magnam
766 1484 1064 1561 vim-lacrymarum

114 1565 296 1646 profudisse,
313 1583 384 1627 cum
406 1565 555 1642 depictam
571 1564 738 1625 Abrahami
761 1564 918 1624 historiam
941 1564 1065 1629 vidisset

116 1655 218 1710 natum
242 1667 330 1709 suum
354 1646 447 1708 multo
467 1644 720 1724 jucundissimum
744 1646 901 1707 immolare
917 1651 1062 1709 conantis.

114 1730 253 1791 Asterius
275 1747 394 1807 quoque
418 1730 465 1805 pie
485 1728 715 1806 collacrymatus
737 1734 792 1796 est,
810 1744 879 1787 cum
903 1731 931 1788 in
947 1727 1063 1808 Templi

113 1810 278 1889 eujusdam
300 1812 413 1889 pariete
434 1815 629 1871 contueretur
650 1808 862 1891 Euphemiam,
886 1809 941 1870 liei
963 1828 1065 1877 amore

114 1897 208 1955 vitam
223 1912 309 1953 suam
330 1893 360 1951 in
375 1892 484 1952 acerbo
506 1891 640 1951 cruciatu
663 1896 833 1971 ponentem.
855 1888 966 1952 Extant
989 1891 1065 1955 haec

110 1983 148 2039 ct
168 1977 227 2035 alia
249 1975 281 2035 id
289 1992 386 2052 genus
407 1974 546 2051 exempla
567 1973 597 2040 in
616 1972 649 2033 il
673 1973 801 2035 Nicaeua
816 1972 947 2049 Synodo.
975 1972 1065 2035 innu-

112 2076 201 2121 mera
225 2052 301 2134 pene
330 2055 475 2118 beneficia
497 2071 550 2133 per
572 2056 746 2133 religiosum
769 2055 883 2114 cultum
906 2071 1063 2114 sacrarum

114 2140 285 2215 Imaginem
308 2156 325 2198 a
344 2138 405 2198 ileo
427 2140 597 2213 impetrata,
622 2139 733 2213 passim
755 2141 877 2196 narrant
898 2133 1065 2213 Scriptores

114 2220 329 2289 Ecclesiastici‚
354 2218 530 2297 praesertim
551 2234 626 2278 vero
648 2218 833 2303 Boiiandiaui
856 2214 980 2277 inViiis
995 2216 1067 2278 San·

110 2307 236 2363 ciorum
389 2317 393 2324 ’
534 2354 538 2361 ,

157 2383 212 2442 vl.
236 2382 334 2443 Finita
355 2382 588 2451 Benedictione,
613 2380 757 2443 Sacerdos
780 2380 857 2442 sicut
889 2379 917 2439 in
940 2380 1065 2440 aliarum

115 2482 220 2527 rerum
236 2464 498 2527 Benedictionibus
518 2480 556 2523 ex
577 2465 783 2541 antiquissimo
808 2464 867 2523 ritu
891 2461 956 2522 heri
979 2462 1064 2531 solet,

114 2547 266 2625 imagines
286 2564 365 2624 aqua
379 2546 535 2607 benedicta
556 2546 698 2622 aspergit.
715 2544 839 2607 Praeter
861 2544 1064 2619 aspersionem

113 2648 212 2707 aquae
234 2628 417 2697 benedictae,
434 2627 623 2687 consuevisse
647 2626 795 2705 imagines
815 2628 894 2702 ipsas
917 2627 1009 2685 etiam
1024 2628 1067 2685 in·

114 2712 252 2776 cessari,
278 2712 397 2787 probari
421 2713 520 2786 posset
541 2726 580 2767 ex
602 2707 693 2768 variis
715 2707 883 2769 Ritualihus
906 2708 997 2768 etiam
1020 2727 1067 2769 rc-

114 2794 310 2862 centioribus,
324 2794 412 2869 quale
427 2798 472 2853 est
483 2788 673 2851 sacerdotale
685 2790 798 2851 editum
812 2808 860 2849 an.
876 2786 1066 2850 MDLXVlil

115 2877 169 2937 ubi
191 2873 280 2934 Pario
302 2874 330 2935 ii
353 2874 457 2952 Capite
481 2870 539 2932 vll
561 2874 659 2949 agitur
693 2872 729 2931 de
752 2871 965 2933 Benedictione
988 2868 1066 2930 iura-

114 2959 205 3036 ginis.
219 2955 342 3017 Mandat
354 2958 446 3024 enirn,
464 2961 498 3015 ut
514 2956 674 3013 terminata
689 2952 957 3019 Oratione,ultimo
972 2968 1066 3029 asper-

115 3050 231 3118 pootur.
251 3055 331 3115 aquo
352 3034 517 3105 benedicta,
535 3046 562 3094 ct
583 3035 803 3114 thurificentur.
822 3034 861 3095 Ut
875 3033 960 3094 'nihil
974 3033 1064 3105 desit,

113 3138 196 3199 qrrae
212 3120 254 3179 ad
270 3118 456 3197 disciplinam
478 3134 630 3177 sacrarum
648 3117 816 3194 imaginum
838 3116 1069 3187 attinct,'scien·

115 3204 191 3265 dum
212 3205 283 3270 cst,
315 3218 352 3262 ex
384 3199 568 3279 praescripto
590 3200 744 3261 sariorum
767 3196 971 3259 Consiliorum
1002 3204 1066 3259 tum

115 3282 374 3354 Prouincialium,
399 3290 463 3353 ium
479 3279 765 3350 ¹ilioecesanorum,
790 3280 937 3359 Imagines
965 3292 1066 3340 sacras

115 3372 267 3429 vetustate
287 3371 455 3443 corruptas,
480 3362 504 3422 si
527 3366 660 3440 reparari
683 3365 902 3441 nonpossint,
927 3363 1064 3423 comburi

115 3448 240 3516 debere,
256 3451 288 3506 ei
309 3447 423 3507 cineres
445 3448 474 3504 iu
488 3443 662 3505 Sacrarium
679 3443 795 3522 projici.
817 3444 850 3506 ld
873 3444 993 3521 quidem
1011 3449 1067 3505 sta-

117 3530 178 3590 tuit
192 3528 360 3590 Concilium
375 3527 560 3587 Prorincialc
573 3525 820 3589 Beneventanum
832 3526 983 3587 vincentii
997 3525 1068 3587 Car·

114 3609 224 3670 dicatis
245 3608 354 3677 Ursini.
370 3610 422 3689 qui
444 3610 546 3689 postca
568 3607 625 3669 luit
639 3609 815 3671 Benedictus
831 3606 909 3670 iiiii
929 3606 1068 3669 Pontilen

256 3704 314 3760 Vol.
332 3708 355 3761 l·
899 3706 931 3757 11
