2567 4042
671 200 873 273 salvitto

273 330 350 393 dicit
373 331 451 392 lonc
476 331 655 391 orationem.
679 327 805 392 &emus
833 330 960 395 Creator
981 341 1009 391 ct
1033 329 1231 393 Consorcutor

274 418 333 475 ete.
357 411 442 474 Idem
473 412 553 491 quod
584 411 621 473 S.
638 410 780 491 Gregorii
811 411 1108 483 Sacramentarium,
1141 432 1228 493 prae·

272 495 377 555 scribit
398 495 635 573 manuscriptum
658 494 832 556 Pontificale
854 492 978 573 Egberti
994 494 1226 575 Archiepiscopi

271 575 487 644 Eboraeeusis,
511 578 646 652 itemque
667 576 837 639 Pontifieale
859 576 1013 638 Ecclesiae
1035 577 1255 657 Candurccn-x

208 732 211 736 .
271 660 313 720 sis
326 663 368 721 ¹et
387 657 560 721 Pontificale
581 658 739 720 Halinardi
761 658 987 737 Archiepisoopi
1003 658 1224 739 Lugdunensis.

270 738 363 803 Plura
390 742 426 803 de
448 742 577 819 mystico
598 743 676 803 ritus
698 743 829 803 enarrati
862 759 951 802 sensu
981 742 1077 819 videri
1103 748 1227 821 possunt

272 824 352 903 apud
374 824 551 884 Durandum
581 822 647 883 Lib.
671 821 686 884 l
709 822 878 885 Rationalis
904 824 1084 885 Divinarum
1110 822 1225 907 Officio·

270 924 358 973 rom,
382 904 456 982 Cap.
479 903 550 965 Vll.
574 903 673 967 Satius
696 905 744 965 hic
766 912 837 985 puto
859 906 1020 983 mysticam
1047 907 1225 984 interpreta-

272 990 386 1049 tionem
411 988 582 1049 describere
611 989 774 1066 pervetusti
801 988 933 1061 auctoris
960 985 1090 1067 Remigii
1119 988 1223 1049 Mona-

272 1070 323 1129 chi
337 1069 620 1139 Autissiodorensis,
645 1071 697 1147 qui
719 1068 821 1130 lloruit
842 1069 961 1129 saeculo
984 1068 1041 1138 lX,
1066 1075 1144 1131 teste
1160 1068 1224 1129 Bel·

275 1151 403 1211 larmino
425 1151 455 1209 in
475 1144 597 1228 Opere:
621 1150 655 1210 de
680 1149 882 1232 Scriptoribos
903 1150 1127 1215 Ecclesiastieis.
1146 1150 1222 1213 Huic

270 1234 375 1309 itaque
397 1234 557 1302 mixturae,
582 1235 617 1294 ut
638 1233 726 1295 docet
745 1234 910 1311 Remigius,
933 1236 964 1292 et
986 1238 1053 1311 post
1073 1253 1148 1296 eum
1170 1234 1220 1294 lvo

271 1316 439 1394 Episcopus
460 1311 667 1383 Carnotensis,
679 1316 800 1377 additur
820 1317 926 1376 vinum
948 1331 1018 1377 eum
1033 1334 1126 1393 aqua;
1145 1333 1217 1392 quae

272 1398 332 1459 duo
355 1399 505 1474 geminam
527 1398 556 1457 in
579 1395 707 1457 Domino
729 1395 800 1458 lesu
820 1394 941 1458 Christo
972 1396 1151 1474 praeierunt
1173 1416 1219 1457 na·

272 1486 372 1541 turam
395 1482 424 1539 in
439 1498 498 1540 una
514 1497 651 1558 persona.
669 1480 757 1556 Aqua
772 1480 852 1540 enim
868 1480 1097 1549 humanitatem,
1115 1481 1215 1539 vinum

271 1571 346 1621 vero
378 1561 525 1639 significat
552 1561 748 1623 divinitatem.
779 1560 906 1639 Insuper
928 1558 1093 1639 Episcopus
1115 1560 1219 1621 Eccle-

271 1645 348 1703 siam
371 1660 550 1705 cousecrans
572 1643 775 1721 indulgentias
797 1642 956 1725 aliquando
971 1645 1159 1705 concedehat
1176 1642 1218 1702 his

271 1726 323 1801 qui
345 1725 490 1786 Basilicae
512 1726 739 1797 consecrationi,
763 1725 892 1811 peccatis
914 1725 995 1801 prius
1017 1726 1053 1785 ad
1076 1724 1217 1788 Sacerdo-

268 1810 331 1867 tem
352 1807 492 1885 depositis
514 1813 638 1883 actaque
661 1808 853 1885 poenitentia,
872 1805 1079 1871 interfuerant.
1097 1806 1155 1869 Est
1174 1824 1216 1865 an-

269 1888 438 1966 tiquissima
459 1888 612 1949 Romanae
627 1890 780 1951 Ecclesiae
803 1907 837 1950 ea
853 1888 1046 1957 consuetudo,
1062 1894 1099 1950 ut
1120 1891 1151 1949 iu
1166 1886 1215 1949 Ec-

269 1971 377 2031 eleslae
408 1978 439 2033 et
460 1971 570 2032 Altaris
602 1973 826 2033 consecratione
848 1972 965 2048 epocha
990 1972 1103 2050 scripto
1126 1969 1215 2033 eonsi-

269 2058 358 2131 gnata
373 2059 537 2131 reponatur
559 2072 627 2114 curn
644 2052 790 2131 Reliquiis
805 2053 984 2114 Sanctorum
1000 2052 1036 2112 ad
1054 2070 1211 2130 perennem

268 2137 313 2197 rei
336 2138 513 2198 memoriam
535 2138 573 2197 ab
588 2132 737 2214 Episcopo
759 2140 952 2197 consecrante
974 2136 1030 2196 sub
1046 2154 1153 2197 mensa
1168 2134 1213 2195 nt-

268 2218 352 2278 taris.
369 2219 481 2297 Aperte
496 2219 525 2278 id
540 2217 669 2280 ostendit
690 2217 736 2277 vir
749 2217 877 2278 eximius
890 2214 1067 2303 Fpauoiscus
1080 2215 1213 2279 Blanchi·

269 2301 337 2361 nius
357 2302 387 2360 in
409 2298 596 2361 Praelatione
619 2299 656 2360 ad
677 2299 753 2360 vitas
775 2300 978 2359 Romanorum
999 2297 1188 2362 Pontificum.

309 2380 368 2441 IX.
391 2380 496 2460 Restat
524 2388 558 2444 ut
580 2384 678 2441 varias
700 2398 805 2442 causas
827 2382 1100 2443 consecrandarum
1114 2380 1212 2442 Eccle-

269 2463 383 2524 siarum
405 2482 446 2524 ex
467 2466 561 2541 ipsius
579 2463 815 2543 ‚consecrationis
836 2464 897 2531 ritu
925 2481 959 2523 ao
981 2464 1120 2542 precihus
1143 2479 1211 2525 sum·

268 2547 376 2605 matim
397 2563 620 2616 recenseamus,
644 2561 720 2621 quas
742 2549 807 2604 tum
830 2546 920 2623 prisci
941 2544 1054 2614 Patres,
1079 2552 1148 2608 tum
1167 2541 1209 2603 alii

269 2627 431 2705 scriptores
454 2627 520 2690 luse
536 2631 687 2691 enarrant.
712 2624 813 2687 Prima
835 2632 891 2699 est,
908 2633 943 2688 ut
963 2627 1123 2688 daemones
1141 2624 1210 2688 effu·

269 2716 392 2786 gentum
405 2710 483 2785 quod
494 2710 603 2772 illustri
616 2708 754 2786 exemplo
767 2709 874 2788 probat
885 2708 916 2769 S.
926 2706 1088 2787 Gregorius
1099 2702 1209 2769 Lib.lll

268 2788 480 2869 Dioloqorum,
504 2791 576 2871 Cap.
600 2788 709 2851 XXX.
734 2788 891 2860 Secunda,
914 2796 948 2852 ut
968 2809 1073 2853 omnes
1096 2793 1147 2867 qui
1167 2806 1209 2850 ee
1261 2818 1262 2908 p

271 2873 338 2933 dem
356 2875 544 2951 deprecaturi
560 2874 749 2940 conveniunt,
767 2890 803 2945 ex
818 2890 1006 2951 quacumque
1023 2873 1206 2935 tribulatione

268 2956 476 3017 consolationis
487 2957 606 3020 divinae
619 2952 765 3015 beneficia
776 2960 1005 3032 consequantur:
1020 2974 1097 3032 quae
1114 2952 1205 3014 omnia

268 3037 384 3114 dignius
399 3038 577 3099 exhibentur
593 3039 622 3097 iu
637 3038 710 3097 locis
724 3035 788 3097 Deo
802 3039 939 3108 sacratis,
957 3038 986 3098 in
1001 3040 1111 3116 quibus
1126 3037 1206 3095 etiarn

269 3121 418 3181 orationes
438 3115 555 3181 iacilius
576 3118 788 3189 exaudiuntur3
801 3120 844 3179 uti
866 3119 968 3181 videre
984 3122 1074 3181 estin
1090 3118 1156 3177 Lib.
1169 3110 1205 3177 Ill
1260 3194 1261 3197 Ἴ

269 3198 405 3279 Regum,
430 3201 503 3280 Cap.
527 3200 612 3262 Vlll.
636 3200 762 3272 Tertia,
789 3207 852 3262 tum
874 3203 910 3262 ad
933 3198 1206 3281 repraesentandam
1260 3200 1261 3213 ¹

270 3282 535 3346 sanctificationem
557 3298 648 3361 quam
663 3280 798 3343 Ecclesia
820 3289 979 3346 consecuta
1003 3290 1048 3367 est
1069 3302 1125 3361 per
1147 3280 1203 3359 pas'·

268 3362 383 3427 sionem
406 3365 578 3433 Salvatoris,
603 3370 667 3426 tum
689 3364 780 3426 etiam
802 3366 840 3425 ad
863 3362 1084 3445 significandam
1109 3359 1205 3425 sancti·

212 3515 216 3520 ,
269 3450 378 3518 talem,
395 3466 473 3525 quae
495 3446 660 3525 requiritur
682 3447 711 3505 i'n
734 3446 769 3505 iis
793 3448 845 3522 qui
867 3448 1093 3509 Sacramentum
1114 3440 1204 3507 altaris
1259 3484 1260 3529 ,

268 3530 420 3607 suscipere
443 3532 569 3593 debent:
592 3547 630 3589 ex
652 3528 684 3589 S.
708 3526 824 3589 Thoma
846 3530 876 3589 in
897 3529 986 3592 Parte
1007 3528 1052 3589 lll
1073 3528 1203 3591 Summae
1259 3532 1260 3563 r

273 3608 450 3687 Quaestum
471 3610 648 3686 LXXXlll,
666 3610 802 3673 Articulo
824 3611 868 3674 lll
889 3614 936 3685 ad.
960 3608 1015 3673 lll.
1032 3611 1156 3686 Quarta,
1175 3606 1204 3665 ut
