2567 4042
437 186 660 257 martiatu-

83 313 195 374 omnino
208 314 439 376 denudabatur.
463 315 643 378 Ambrosius
665 316 760 378 Sum.
785 313 848 378 XX
879 316 916 374 ad
938 331 1022 376 raro·

82 395 182 456 candos
194 395 432 458 Christianorum
453 399 570 460 animos
590 397 797 458 adivitiarum
812 413 925 466 amore,
943 396 1021 460 baec

82 479 137 540 ait:
158 475 241 540 Nede
261 481 297 539 io
317 479 434 540 suendo
458 480 624 547 memoror.
646 478 723 540 nudi
744 481 833 540 atione
853 478 1021 542 accedimus

82 559 117 618 sd
134 563 307 630 tresorum
327 570 362 622 ot
382 560 458 623 nodi
480 579 595 642 qaoque
616 570 644 620 et
664 560 797 642 expediti
819 559 859 621 cd
881 561 955 624 coeii
971 564 1020 642 jo

79 659 165 701 -ssoos
181 659 381 722 properemus.
393 643 473 715 Quin
488 649 519 705 et
533 645 564 704 in
578 644 636 705 ista
657 644 791 721 eorporis
807 642 939 705 nuditate
954 661 1021 723 my·

81 724 177 784 sticum
197 724 347 801 quoddam
369 726 542 803 symbolum
556 724 760 788 intuebantur.
774 722 919 803 Ejusdem
940 725 1030 788 ritus

82 806 265 883 symbolicam
285 805 535 884 significationem
557 811 678 884 praeter
700 807 775 868 aiios
802 808 899 884 aperit
919 805 1020 886 Cyrit-

80 886 122 947 ius
134 885 435 967 Hierosolymitanus.
453 889 538 950 Adeo
560 891 609 950 tex
630 889 745 950 isthaec
767 890 914 967 generalis
936 893 1012 959 erat,

82 973 109 1026 ut
121 987 156 1030 ne
176 968 303 1030 intentes
316 970 451 1046 quidem,
466 976 519 1033 aut
533 971 676 1033 mutieres
690 972 728 1032 ab
742 989 778 1032 ea
793 973 1013 1048 exciperentur.

81 1045 115 1107 Et
126 1050 248 1112 inientes
269 1051 404 1128 quidem,
421 1054 502 1114 uuita
515 1054 651 1130 eorporis
672 1053 808 1114 moltitiei
829 1054 945 1114 ratione
959 1053 1016 1114 ha·

81 1130 145 1201 bita,
166 1133 262 1194 nudos
282 1135 403 1195 omnino
417 1135 448 1194 in
461 1153 555 1212 aquas
569 1136 729 1196 immersos
749 1134 840 1196 inisse
856 1139 940 1210 patet
953 1143 1018 1202 tum

81 1230 112 1271 ex
130 1214 161 1276 S.
183 1214 323 1292 Gregorii
343 1214 583 1278 sacramentario
605 1221 636 1277 et
658 1235 695 1277 ex
717 1214 830 1278 Ordine
854 1216 1016 1288 Romano.

84 1300 135 1355 mm
155 1297 268 1366 etiam,
291 1298 373 1374 quod
393 1299 430 1359 ad
451 1297 748 1375 Graecosspeotat,
771 1318 810 1360 ex
831 1297 1017 1370 Athanasio.
1139 1261 1153 1310 Ἰ

83 1377 124 1452 qui
142 1377 176 1440 ds
191 1376 304 1439 Porci.
329 1379 430 1441 XCIV
453 1381 549 1442 trinae
570 1380 773 1443 immersionis
796 1381 943 1442 rationem
965 1399 1018 1442 ex·

82 1457 201 1533 plicans,⁴
214 1463 269 1522 ait:
293 1459 374 1522 Nom
395 1461 475 1542 quod
493 1462 643 1540 insontem
666 1473 713 1524 ter
733 1461 767 1523 a‘o
785 1463 938 1542 pissinum
957 1466 1017 1524 inr-

82 1542 229 1618 nerpimsr
250 1550 279 1602 u
300 1553 348 1602 ror
361 1543 534 1614 edaciorem
556 1542 591 1604 id
611 1555 738 1606 mortem
756 1543 880 1614 Christi,
901 1552 931 1604 st
952 1553 1019 1627 post
1042 1595 1045 1602 .

82 1621 205 1684 triduum
218 1622 476 1686 iiasorrectiooem
497 1625 658 1706 sipoificct.
673 1625 794 1688 interea
815 1643 890 1688 vero
913 1628 1020 1688 mulie-

82 1719 137 1769 rou
152 1706 259 1783 pudori
274 1706 378 1768 multis
393 1709 490 1772 modis
504 1707 717 1770 consulebatur
733 1706 1030 1770 absconsionem·
1120 1775 1123 1782 ,

81 1784 105 1843 in
121 1785 266 1864 plerisque
287 1785 429 1852 Ecclesiis
455 1809 545 1852 snum
571 1797 639 1852 erat
659 1789 758 1856 viris,
788 1805 878 1852 suurn
899 1787 1018 1856 feminis

81 1864 298 1942 baptisterium:
315 1872 356 1930 ita
370 1871 429 1932 hoe
443 1874 591 1934 nimirum
604 1871 798 1950 dispertitum
813 1877 887 1940 erat,
904 1877 938 1932 ut
954 1877 1019 1934 tum

81 1947 117 2007 iili
139 1952 201 2011 trrm
228 1951 305 2014 istae
332 1954 488 2030 proprium
516 1957 689 2032 separatum
717 1953 864 2015 haberent
891 1953 1017 2019 locum:

79 2029 148 2092 rinae
172 2032 203 2094 S.
227 2031 360 2110 Cyriiius
380 2033 653 2116 ierosolymitanus
674 2034 858 2112 praefatione
880 2034 910 2094 in
932 2035 1021 2099 Cate-

79 2111 194 2185 cheses3
219 2111 451 2187 narranaam,
476 2117 597 2194 inquit,
620 2116 737 2187 adhibe,
761 2135 828 2177 eom
847 2115 881 2196 fit
903 2122 1022 2180 scorri-

78 2211 159 2266 amnr,
183 2215 241 2275 quo
261 2215 353 2275 esque
374 2199 621 2261 otiiercoreizoti
642 2197 785 2268 oderunt,
807 2198 868 2260 oiri
890 2217 957 2258 oum
976 2203 1021 2262 oi-

80 2275 125 2347 ris,
146 2288 174 2338 er
194 2278 334 2339 mutieres
355 2299 423 2340 cem
444 2281 628 2342 mulieribus.
645 2278 711 2340 Alia
735 2280 809 2340 hora
824 2280 893 2349 viri,
910 2286 940 2342 et
961 2284 1019 2346 alia
1053 2306 1060 2320 ·

80 2360 210 2420 mutieres
224 2359 463 2437 baptizabantur,
476 2363 555 2424 sieut
568 2361 681 2423 iudicat
690 2361 773 2423 Ordo
781 2359 933 2424 Romanus
945 2359 1018 2442 Cap.

75 2438 110 2499 de
122 2437 246 2502 Sotium
259 2438 379 2502 Scorto
395 2443 524 2522 Insuper
545 2443 664 2504 [eminis
686 2443 799 2505 auxilio
813 2444 937 2506 aderant
947 2445 1019 2507 Dia·

77 2523 210 2594 coobsae,
234 2539 251 2582 a
274 2524 384 2600 quibus
404 2526 538 2586 vestibus
559 2531 679 2595 exutae,
703 2523 852 2603 Episcopo
873 2531 925 2587 aut
945 2524 1022 2588 Pre-

74 2601 185 2680 sbytero
208 2605 368 2681 baptizanti
388 2607 600 2677 offerebantur,
623 2608 666 2668 ita
688 2606 811 2683 quidem
834 2612 867 2668 ut
886 2625 937 2669 eas
960 2628 1018 2672 non

77 2688 131 2744 um
149 2685 268 2748 rideret
290 2705 381 2762 quam
402 2689 549 2751 audieret.
567 2689 715 2765 Denique,
743 2695 808 2766 post
832 2690 942 2749 trinam
964 2691 1020 2752 im·

77 2769 246 2828 meramnum
260 2786 295 2828 ac
309 2767 363 2830 SS.
380 2769 534 2832 Trinitatis
556 2772 788 2838 invocationem,
813 2770 979 2847 baptizatus
1000 2791 1018 2836 e

74 2865 150 2909 sacro
170 2848 252 2912 iente
266 2851 370 2913 exibat
388 2856 420 2912 et
434 2853 665 2930 suscipiebatur,
687 2853 713 2912 si
735 2853 861 2920 mulier,
878 2871 896 2912 a
911 2852 1018 2914 Diaco-

76 2930 161 3001 nissis3
176 2932 203 2990 si
216 2934 276 2999 vir,
300 2932 458 3010 alienando
473 2953 492 2996 a
506 2934 732 3012 susceptoribus
747 2951 800 2996 seu
814 2935 950 3012 petrino,
965 2933 1020 2995 aii·

75 3013 184 3085 qumdo
199 3032 216 3076 a
233 3013 372 3076 Diaconis
392 3017 445 3092 qui
467 3035 485 3078 e
505 3035 592 3078 sacro
614 3015 695 3076 tonte
716 3015 902 3094 egredientes
927 3033 1017 3092 gran.

76 3091 141 3163 diori
158 3095 289 3172 quodam
306 3097 459 3160 ‚velamine
480 3099 691 3160 obvolvebant.

108 3175 158 3239 Vi.
174 3177 259 3241 Licet
272 3183 375 3242 autem
390 3181 590 3240 immersionis
611 3181 686 3240 ritus
701 3180 842 3256 antiquae
858 3185 1016 3242 eonsuetu-

75 3253 141 3321 dinis
160 3265 256 3328 esset,
280 3261 371 3322 certis
392 3267 492 3325 umen
514 3262 697 3340 quibusdam
719 3261 756 3322 de
778 3261 875 3324 causis
896 3262 1016 3324 omitte·

78 3334 165 3410 batur,
191 3342 338 3404 effusione
358 3343 513 3404 adhibita:
537 3341 583 3404 1.⁰
604 3343 685 3404 euim
708 3344 732 3402 si
754 3344 821 3420 quis
842 3347 1015 3421 aegrotaret

76 3425 154 3499 eune
174 3423 203 3483 in
223 3430 363 3486 extremo
376 3425 606 3501 ritaepericuio
620 3431 807 3493 versaretur,
824 3424 905 3486 nnita
926 3424 1015 3486 adbi-

79 3500 130 3563 beri
147 3506 305 3568 consuerit
327 3506 503 3573 immersio,
526 3506 550 3566 si
571 3507 739 3583 baptismus
764 3507 793 3566 oi
815 3507 1014 3569 eonferendus

79 3581 177 3660 tuber,
194 3588 250 3652 sed
271 3587 415 3651 duntaxat
434 3600 512 3665 aqrra'
533 3587 781 3666 perfundebatur.
799 3587 958 3650 Praeterea
973 3591 1012 3660 si,
