2567 4042
555 132 781 204 cambd&

190 263 333 324 cantabile
355 272 489 324 oroneut.
521 260 586 324 Nou
609 279 681 337 orgo
705 262 838 328 mirum,
863 259 886 319 si
908 260 1034 336 majoris
1057 276 1149 317 rene⁴

191 345 316 405 rationis
344 362 379 404 ac
402 342 554 404 firmitatis
575 360 665 403 cansa
688 344 708 401 ii
722 345 801 403 olim
834 342 885 417 qni
908 342 1028 416 scripto
1055 340 1150 399 elicui

193 435 246 499 ant
268 426 391 488 decreto
414 424 664 493 subscribebant,
688 426 807 501 signum
829 422 931 483 Crucis
953 422 1066 480 nomini
1089 438 1144 481 sno

193 526 405 587 praeponere,
430 509 484 570 aut
511 505 695 584 subjungere
719 522 911 567 consuevere.
936 503 1039 565 Verba
1062 501 1145 561 Anti·

85 657 96 680 Ι
193 590 326 667 phonae.
354 587 506 666 confirmo
529 588 580 645 boc
603 589 701 657 Deos,
726 586 806 665 qnod
829 598 967 665 operatus
989 604 1017 645 es
1037 585 1073 643 in
1093 598 1147 643 no·

193 672 246 740 bis,
268 691 288 731 u
309 669 424 749 Templo
445 679 546 729 sancto
569 680 627 739 tuo,
642 667 722 747 qnod
742 680 783 729 cst
803 670 837 728 in
850 666 1027 737 Jerusalem,
1045 669 1147 725 extant

105 826 111 833 ὑ
194 755 224 812 in
246 752 420 813 lli-tualibus
435 749 534 810 Libris
556 751 773 829 compluribus.
789 749 849 823 Qui
866 751 941 810 ritus
964 748 1085 824 quidem
1100 764 1150 806 se-

195 836 234 894 tis
256 842 304 897 est
326 832 584 901 commendabilis:
609 838 731 909 rogatur
753 833 833 892 enim
856 831 949 899 Dens,
967 836 1000 891 ut
1022 828 1147 907 professi

195 916 414 992 professionem
437 913 605 980 confirmet,
621 932 734 990 sueque
754 913 850 991 gretia
873 912 1004 981 roboret,
1022 930 1059 972 ne
1079 926 1149 971 sua·

196 998 285 1059 dente
309 994 437 1066 diabolo,
462 995 563 1058 datam
585 1002 688 1072 postea
711 994 801 1056 fidem
824 993 917 1065 sallat,
935 1002 965 1056 et
986 996 1014 1053 in
1038 994 1084 1053 sui
1099 992 1146 1051 da·

197 1082 383 1141 montionem
399 1098 422 1137 a
444 1076 617 1155 Religione,
643 1095 734 1152 qnam
755 1078 812 1137 rite
835 1076 985 1153 professus
1006 1081 1072 1145 est,
1096 1073 1152 1133 ali·

197 1161 463 1235 quando'resiliat.
488 1159 573 1219 Dicta
598 1157 781 1236 Antiphone,
809 1157 964 1237 Confirmet
985 1160 1036 1218 boc
1057 1156 1148 1224 Deus,

197 1244 368 1320 Episcopus
389 1260 459 1303 cum
481 1240 571 1301 Mitra
594 1240 701 1301 sedens
733 1241 842 1316 accipit
873 1256 941 1300 eum
969 1241 997 1299 in
1025 1254 1153 1315 congre·

198 1326 349 1404 gationcm
378 1330 408 1383 et
435 1323 611 1384 societatem
638 1322 766 1383 aliorum
790 1321 1009 1383 lllonacbornm
1028 1320 1151 1382 Ordinis

200 1408 257 1467 sni.
284 1406 318 1466 ln
348 1406 556 1466 benedictione
582 1403 708 1465 Abbatis
730 1404 809 1463 illins
830 1403 890 1463 diei
915 1404 1006 1464 Missa
1033 1408 1079 1465 est
1104 1416 1150 1461 ce·

198 1488 366 1556 lebranda,
390 1488 433 1548 uti
456 1490 539 1564 patet
560 1504 597 1545 ex
620 1485 719 1545 Libris
740 1483 964 1547 Pontificalibus
986 1484 1149 1551 Romanis,

199 1588 258 1629 non
285 1587 357 1629 vero
389 1568 481 1630 Missa
511 1567 549 1626 de
580 1567 693 1644 Spiritu
715 1564 850 1639 Sancte,
885 1585 976 1643 qnam
1005 1565 1153 1645 Mogonti-

199 1669 274 1711 num
295 1648 467 1711 Pontificale
501 1649 624 1716 innuit,
653 1648 702 1707 rel
725 1649 816 1707 aliam
847 1649 933 1728 juxta
962 1650 1153 1711 demtionem
1218 1657 1222 1663 '

200 1729 352 1808 Episcopi.
377 1729 421 1790 De
443 1731 545 1800 Mitna,
569 1730 761 1800 Chirotecis,
786 1729 906 1792 Annulo
928 1732 1055 1808 ullisque
1076 1728 1153 1789 Pon·
1194 1759 1196 1763 ·

203 1811 362 1873 tilicalibus
384 1813 566 1873 ornamentis
588 1812 852 1887 nnllnm'prorsus
873 1813 1000 1873 verbum
1020 1816 1102 1873 extet
1123 1810 1153 1868 in

206 1894 429 1961 Pontificalibus
451 1893 548 1953 Libris
569 1894 798 1968 antiquioribns3
822 1895 891 1969 qnia
909 1894 1075 1955 Abbatibns
1095 1908 1156 1951 non·

202 1976 359 2043 debentur,
382 1976 437 2036 nisi
460 1993 499 2035 ex
514 1964 681 2051 privffegio
705 1975 830 2035 Saeculo
847 1975 877 2035 X
900 1977 1090 2052 potissimum
1107 1973 1155 2034 his

204 2058 335 2135 gaudere
358 2062 534 2133 coeperunt.
559 2054 684 2117 Praeter
705 2063 880 2118 ornamenta
894 2055 1077 2119 Pontificelia
1100 2057 1156 2115 ba·

203 2140 304 2200 buisse
316 2139 397 2210 olim
414 2138 545 2199 Abbates
567 2138 700 2216 sigillum
716 2139 921 2200 authenticum
943 2140 1064 2218 propria
1079 2140 1155 2198 ima·

204 2222 272 2298 gine
288 2226 319 2282 et
341 2221 466 2280 nomine.
485 2210 679 2295 ins'enlptnm,
704 2220 816 2295 liquido
838 2226 1012 2281 constater
1034 2219 1157 2298 Synodo

204 2302 384 2362 Londinensi
407 2301 508 2361 habita
528 2318 606 2361 anno
630 2301 743 2362 Christi
756 2292 997 2363 MCCXXXVII
1013 2301 1154 2363 Praeside

204 2382 326 2450 Othone
348 2380 482 2443 Diacono
503 2381 629 2443 Sanctae
651 2382 804 2445 Romanae
819 2382 972 2445 Ecclesiae
994 2382 1154 2453 Cardinali,

204 2463 319 2539 Legato
341 2463 530 2542 Apostolieae
553 2464 638 2525 Sedis
660 2466 689 2523 in
711 2462 839 2541 Anglia,
864 2463 942 2545 apud
964 2464 1156 2527 Matthaeum

206 2543 364 2605 Patisium.
389 2543 467 2604 Hinc
489 2545 651 2606 Anselmus
673 2559 710 2606 ex
725 2544 842 2609 Abbale
857 2548 998 2609 Beocensi
1019 2546 1080 2625 jem
1097 2547 1159 2607 ele-

207 2631 274 2687 ctus
296 2625 517 2685 Cantuariensis
539 2626 794 2707 Archiepiscopus
810 2672 818 2700 ,
837 2630 974 2689 ¹nundum
1002 2646 1157 2689 consecra·

208 2714 271 2778 tus,
294 2705 385 2766 Libro
407 2705 451 2767 lll
472 2705 605 2785 Epistola
628 2707 661 2767 X
683 2710 798 2784 inquit:
822 2711 961 2791 Sipillum
987 2712 1058 2771 boec
1082 2712 1160 2789 Epi·

207 2792 284 2849 stota
304 2807 364 2847 non
384 2789 480 2858 babet,
497 2794 577 2868 ,puta
597 2787 693 2850 Abbns
709 2794 777 2871 jam
799 2810 858 2852 non
879 2812 963 2885 sugo,
988 2802 1014 2852 ot
1036 2790 1159 2853 Arelate·

201 2870 341 2949 piscopos
372 2868 507 2931 uondum
534 2891 627 2941 ωιτη
655 2889 707 2932 nco
740 2892 786 2933 me
816 2874 941 2936 delectat
963 2874 1053 2953 pinpi
1081 2872 1161 2954 quod

206 2972 265 3013 non
286 2970 361 3011 suot.
755 2983 757 2987 ·

566 3033 694 3097 CAPUT
716 3033 800 3096 Vlll.

240 3212 282 3264 bit
296 3179 528 3265 nsnssmcmonrs
543 3214 673 3259 Anseris
687 3212 910 3263 inenormis
924 3176 1127 3265 neusrunlcs.
1140 3186 1149 3237 ι’

250 3356 274 3416 l.
299 3340 523 3429 Benedicentur
537 3362 717 3423 auctoritate
729 3362 900 3439 Apostolica
917 3366 1047 3426 Abbatos
1062 3368 1162 3423 exem·

208 3438 270 3515 pti,
295 3438 315 3497 ii
337 3443 520 3517 nempequi
543 3441 734 3521 Apostolicae
755 3443 823 3505 Sedi
846 3448 973 3527 subJeo'ti
994 3448 1075 3507 sunt.
1098 3442 1162 3503 Mo·

210 3517 399 3594 neminisse
429 3528 463 3582 ut
491 3526 623 3604 exempti
645 3526 778 3589 Abbrtes
805 3526 933 3591 Romam
965 3524 1161 3617 benedicendi
