2567 4042
396 275 398 280 ι
457 206 518 271 ἢ
539 193 681 268 arm

96 323 308 388 cat‘blarteue.
325 325 414 388 Juxta
429 325 575 406 Regulam
593 326 625 408 S.⁴
637 327 790 386 Pachumii
805 325 974 402 Capitulum
991 326 1045 386 lra-

96 409 225 469 bebatur
240 411 275 468 ad
292 410 390 487 aperis
405 407 484 486 jussa
500 409 692 486 accipienda,
719 410 899 485 initiumque
921 409 958 468 ab
973 407 1045 468 Ora·

95 493 176 552 tione
190 490 304 562 fiebat3
329 496 418 566 atque
433 491 591 552 dicebant:
621 489 667 552 Su
688 489 825 570 splendor
846 488 967 550 Domini
988 488 1046 550 Dei

93 577 206 645 nostri,
230 585 256 634 et
276 591 364 652 opera
386 591 529 634 manuum
551 584 725 632 nostrarum
746 573 845 649 diripe
865 590 955 652 super
979 590 1041 643 nas,

94 666 124 715 et
146 675 218 736 opus
238 673 383 714 manarum
399 664 570 714 nostrarum
587 655 695 731 diripe.
709 652 741 713 ld
759 655 787 712 iu
803 655 912 714 nastris
927 653 1045 729 Brevia·

92 739 147 796 riis
169 743 323 796 servatum
340 742 385 796 est
400 753 467 797 cum
484 734 610 796 Deusta
626 737 823 816 adjutorium.
838 733 977 812 lujunctc
999 735 1044 794 di-

92 819 284 896 stributoque
302 817 422 886 labare,
446 817 626 878 lerramenta
640 819 758 895 aliaque
780 819 808 877 id
835 834 927 896 genus
952 817 1043 877 istru-

92 909 194 961 menta
206 902 242 960 ad
258 918 328 960 suas
343 917 448 976 operas
463 901 567 960 idonea
580 899 773 977 accipiebant.
787 901 833 960 Ad
850 902 948 960 locum
961 898 1042 959 labo·

91 982 118 1040 ri
129 983 311 1043 destinatum
334 982 462 1060 prompti
474 982 681 1051 convolabant,
695 984 856 1058 etquidem
879 985 1040 1058 praeeunte

92 1061 213 1123 Priore.
239 1063 405 1142 Pergebant
420 1070 519 1124 autem
536 1064 593 1123 bini
610 1070 666 1124 aut
677 1063 795 1140 singuli,
812 1082 965 1124 summum
982 1079 1043 1122 ser·

90 1153 199 1205 nantes
224 1147 337 1208 interea
353 1145 520 1214 silentium,
546 1150 598 1204 aul
613 1152 695 1206 certe
721 1148 849 1220 psalmos
870 1147 1039 1205 recitantes.

90 1225 281 1288 laborantes·
298 1235 397 1288 autem
415 1233 467 1287 aut
481 1226 613 1287 Psalmos
629 1228 859 1304 percurrebant,
875 1233 928 1288 aut
943 1231 1043 1287 mente

91 1307 333 1390 Divinis-intenta
346 1311 465 1368 omniuo
478 1309 613 1378 silebant,
630 1315 683 1368 aut
695 1313 775 1367 certe
791 1327 860 1367 erim
877 1309 977 1385 quieto
989 1308 1042 1366 ali-

90 1409 153 1468 quo
166 1392 195 1448 in
211 1392 275 1451 lccc
287 1391 465 1458 laborarent,
483 1389 590 1451 librum
603 1387 732 1464 aliquem
745 1390 893 1466 legebant.
909 1389 1042 1450 Tandem

88 1481 124 1534 ut
138 1473 219 1538 unde
241 1479 417 1552 coeperant,
440 1473 507 1532 inde
522 1489 641 1548 quoquc
656 1469 775 1531 linirent
795 1473 1042 1547 absolveruntque

88 1553 238 1619 laborem,
260 1557 393 1615 oratione
408 1556 568 1616 terminum
585 1553 777 1630 imponebant
791 1557 884 1631 operi.
908 1554 956 1613 Ab
970 1570 1042 1628 cpe·

88 1653 161 1698 rum
189 1636 289 1697 labore
314 1637 515 1697 convertimus
537 1637 573 1696 ad
598 1635 749 1696 Lectionis
771 1637 913 1712 quietem.
940 1635 1041 1696 Primo

87 1719 218 1778 enimin
235 1717 363 1780 Ecclesia
380 1718 496 1780 lectioni
517 1735 638 1779 vacasse
661 1718 769 1777 docent
790 1715 924 1795 Capitula
938 1717 1042 1777 Mona-

88 1800 221 1860 chorum
237 1802 273 1860 ad
289 1798 416 1880 Augiam
432 1800 627 1868 directorum,
643 1800 722 1858 idem
738 1797 854 1860 Statuta
869 1799 1039 1858 La'nlrancis

89 1881 248 1942 Secundus
271 1885 354 1943 lacus
370 1883 488 1942 lectioni
509 1883 668 1960 deputatus
683 1878 850 1940 Claustrum
874 1881 940 1941 luit.
967 1881 1043 1942 Ter·

90 1965 136 2024 tio
153 1963 291 2042 legebant
315 1966 344 2024 in
359 1965 512 2040 Capitula,
539 1969 570 2024 et
585 1964 716 2024 maxime
740 1962 858 2040 hyemis
883 1969 1038 2039 tempore,

88 2063 153 2120 quo
180 2051 301 2123 propter
316 2048 392 2105 aeris
408 2047 614 2122 intemperiem
636 2049 668 2104 et
689 2044 806 2119 trigoris
821 2043 987 2103 molestiam
1010 2045 1040 2104 iu

89 2125 231 2187 Claustra
246 2139 402 2188 remanere
418 2125 624 2186 difficillimum
645 2132 722 2187 erat.
748 2123 960 2202 Explicabatur
981 2123 1040 2184 Re·
1109 2135 1115 2163 ‘

17 2250 20 2257 .
89 2206 182 2284 gulae
203 2208 386 2287 Capitulum,
413 2209 490 2286 quad
506 2208 676 2285 legebatur,
698 2206 747 2267 uel
768 2207 871 2266 cancia
892 2207 1039 2284 quaedam
1096 2238 1098 2243 ·

87 2289 268 2358 habebatur,
295 2291 341 2351 vel
357 2289 487 2350 Humilia
513 2291 550 2352 de
565 2291 614 2368 pic
629 2290 758 2366 quodam
775 2295 950 2366 argumento
971 2307 1039 2368 per·

88 2370 169 2431 lecta
183 2378 235 2431 aut
250 2373 336 2433 Sacra
353 2369 516 2450 Scriptura.
541 2370 697 2432 Hariullus
721 2373 751 2431 in
767 2369 917 2431 Chronico
931 2368 1040 2432 Centu-

88 2453 165 2513 leusi
191 2451 256 2512 Lib.
281 2453 323 2514 lll
347 2453 420 2532 Cap.
445 2453 464 2513 3
489 2455 640 2514 recensitis
661 2453 839 2530 {monasterii
862 2454 907 2512 sui
931 2454 1014 2513 libris
1028 2459 1045 2520 ‚‘

89 2535 134 2594 sic
159 2535 326 2595 exclamat:
349 2534 413 2595 Hae
437 2534 642 2614 crchicitiae
664 2534 860 2601 claustrales,
888 2535 943 2593 tae
968 2541 1039 2594 sunt

89 2615 258 2694 opulentiae
284 2617 390 2678 celestis
411 2618 488 2678 uitae
511 2615 666 2677 dulcedine
686 2617 825 2674 coinon·
844 2616 1015 2694 supinantes
1028 2649 1039 2686 ,·

83 2715 146 2779 per
160 2716 234 2776 quas
254 2699 288 2757 in
306 2698 530 2760 centulensibus
550 2699 671 2778 impleta
696 2708 734 2757 est
749 2697 877 2757 salubris
895 2696 951 2755 illa
974 2715 1039 2757 sen·

90 2781 209 2840 tentia:
231 2777 307 2839 Ama
321 2781 475 2840 scientium
491 2780 733 2857 scripturorum,
755 2789 780 2838 st
793 2777 869 2838 uitia
883 2797 943 2836 ncn
957 2797 1040 2838 ansa·

89 2861 144 2921 bis.
167 2859 242 2921 Illud
260 2862 318 2922 hcc
332 2861 394 2922 locc
410 2861 569 2922 natandum
585 2864 641 2930 est,
664 2859 837 2920 Orationem
853 2860 946 2927 illam,
970 2878 1040 2919 sen·

89 2951 139 3002 atu
155 2939 271 3011 Maria,
295 2955 320 3004 et
331 2963 429 3004 omncs
444 2943 559 3010 Sancti,
582 2949 641 3002 etc.
658 2955 725 3021 esse
740 2942 987 3018 antiquissimam,
1009 2943 1040 3001 et

91 3025 122 3083 in
136 3022 251 3084 Ordine
265 3024 397 3085 Romano
410 3026 478 3104 legi.
489 3024 547 3085 Ter
562 3041 681 3100 quoque
692 3021 898 3089 dicitur‚1leus
910 3025 943 3080 in
954 3021 1040 3102 adju·

91 3109 215 3174 tarium,
233 3112 266 3166 ut
281 3109 456 3181 praesentia,
474 3114 504 3168 et
525 3105 687 3185 praeterita
709 3106 874 3174 deleamus,
891 3113 922 3164 et
939 3103 1039 3164 lutura

89 3194 213 3266 peccata
238 3202 409 3252 caueamur,
439 3189 523 3248 uelut
547 3205 703 3248 armemur
730 3191 833 3249 contra
861 3183 1035 3256 diabolum,

89 3269 251 3341 muudum,
268 3275 300 3330 et
313 3287 445 3335 caruem,
462 3270 625 3330 innomine
642 3267 806 3336 Trinitatis,
824 3269 863 3326 ita
880 3266 1039 3327 llurandus

89 3350 157 3411 Lib.
170 3349 198 3410 V
213 3349 285 3429 Cap.
299 3351 329 3412 5.
344 3348 478 3424 Denique
492 3349 591 3410 Prima
613 3354 644 3410 et
657 3349 893 3428 Completcrium
915 3365 971 3407 ncn
986 3341 1039 3406 ua·¹
1078 3400 1080 3405 ,

89 3434 217 3502 riantur,
234 3435 311 3493 sicut
326 3431 400 3493 aliae
416 3430 529 3498 Horae,
546 3433 574 3492 iu
588 3431 696 3510 quibus
709 3429 856 3509 Capitula,
872 3433 1039 3507 Responsa*
1055 3439 1059 3442 ’

88 3517 150 3583 ria,
166 3513 298 3586 Versus,
316 3514 420 3576 Oratio
436 3515 611 3585 variantur3
636 3514 705 3589 quia
723 3513 899 3590 principium
921 3518 951 3571 et
972 3509 1039 3572 linis

89 3613 218 3675 operum
232 3595 545 3658 nostrorumlirmiler
556 3601 626 3658 sunt
637 3594 793 3656 tribuenda
806 3593 879 3666 llec,
896 3596 937 3654 ait
947 3591 1039 3673 Hugo

84 3677 155 3740 Lib.
181 3677 209 3739 ll
229 3679 266 3740 de
292 3676 398 3763 Officiis
419 3675 492 3758 Cap.
518 3678 547 3738 1.

382 3873 386 3896 s

351 3908 361 3943 l
