2567 4042
580 177 806 250 mecumt-

217 311 378 386 requiem,
404 325 473 369 cum
496 309 622 385 septima
644 307 693 367 die
713 308 797 368 Deus
819 309 1004 382 requieverit
1030 307 1070 366 ab
1092 300 1173 366 omni

218 407 308 468 opere
331 391 409 467 quod
433 397 577 468 patrarat.
603 389 791 468 Trigcsimus
822 391 887 449 dics
908 408 977 450 cnm
1007 387 1124 448 Officiis
1146 395 1174 448 ct

216 473 317 533 Missis
340 471 551 533 defunctorum
575 470 746 532 celebratur
767 471 803 530 ad
823 470 1068 548 significandum,
1095 469 1173 547 qnod

216 555 306 615 sicuti
322 557 433 614 mensis
449 561 492 614 tot
507 556 623 613 dierum
641 569 768 613 numero
783 553 948 629 perficitur,
966 555 1005 612 ita
1022 552 1172 614 medianto

218 635 330 697 Missae
352 634 530 704 Sacrificio,
552 653 644 712 opera
666 635 890 702 detunctorum,
916 654 969 713 pro
991 637 1101 712 quibus
1124 633 1175 694 Sa·

218 718 365 779 crifrcinm
389 719 517 778 offertur
538 724 569 776 et
591 717 619 775 in
634 715 741 777 Officio
763 715 982 792 deprecamur,
1006 718 1065 776 sint
1086 715 1175 793 plena

217 804 248 860 et
269 803 400 878 perfecta
424 801 452 857 in
469 805 630 875 conspectu
648 799 713 858 liei.
745 795 824 858 llinc
846 798 960 858 facturn
983 805 1040 868 est,
1066 803 1099 857 ut
1120 815 1173 874 per

218 883 339 959 triginta
354 883 416 942 dies
433 882 599 948 continuos,
622 882 687 938 sine
703 881 934 951 intermissione,
952 881 1085 956 quotidie
1101 880 1173 939 olim
1261 954 1262 957 Ἴ

217 963 326 1024 Missae
344 982 397 1043 pro
414 962 563 1022 defunctis
577 963 760 1022 dicerentur.
778 961 992 1022 Anniversaria
1009 969 1113 1023 autem
1129 961 1173 1020 di·

217 1051 336 1110 cuntur,
359 1065 436 1122 quae
458 1045 537 1104 adie
554 1045 670 1102 mortis·
682 1047 749 1118 post
762 1060 873 1103 annum
891 1050 1068 1105 recurrente
1084 1042 1172 1109 liunt,

217 1134 248 1188 ct
269 1128 460 1188 celebrantur
483 1145 551 1186 cum
574 1124 664 1185 Missa
686 1131 718 1185 et
738 1122 855 1193 Officio,
870 1131 904 1186 ut
917 1126 1053 1188 defuncti
1069 1127 1106 1187 de
1122 1142 1174 1184 an·

217 1209 284 1268 uuis
306 1209 525 1268 calamitatibus
558 1207 594 1265 ad
627 1224 721 1267 annos
747 1208 933 1268 aeternitatis
965 1210 1173 1286 perveniant,

217 1307 269 1350 sen
293 1292 443 1350 advitam
468 1297 633 1355 aeternam,
658 1306 736 1364 quae
757 1294 804 1347 est
825 1290 888 1348 sine
911 1289 981 1350 fine.
1006 1289 1074 1348 Alia
1098 1295 1178 1349 tem·

218 1389 290 1448 pora
314 1373 404 1432 etiarn
439 1371 590 1431 habebant
621 1372 735 1446 antiqui
757 1368 860 1431 fideles
893 1389 947 1448 pro
971 1371 1181 1431 celebratione
1261 1372 1262 1377 ’

216 1452 314 1515 Officii
337 1453 575 1518 Defunctornm‚
600 1469 709 1528 nempe
730 1471 861 1521 nonum,
885 1454 1178 1531 quadragesimum,

217 1535 517 1612 quinquagesimum,
542 1535 788 1610 sexagesimum,
812 1539 842 1593 et
863 1536 1064 1595 centesimum
1087 1553 1103 1594 a
1127 1535 1181 1594 die

218 1617 319 1675 obitus
341 1616 492 1694 alicujus,
520 1633 598 1690 quae
612 1621 757 1691 'tempora
789 1614 898 1676 Sancta
920 1617 1018 1676 Mater
1040 1615 1185 1676 Ecclesia.

217 1699 252 1758 ad
276 1697 349 1758 baec
372 1703 503 1774 quinque
527 1701 644 1756 tantum
667 1698 811 1765 reduxit,
837 1706 944 1776 nempe
966 1699 1179 1776 depositionis,
1261 1764 1263 1773 J

217 1780 310 1848 tertii,
335 1781 466 1856 septimi,
493 1779 656 1854 trigesimi,
679 1783 711 1838 et
733 1780 942 1857 anniversarii.
1261 1828 1262 1849 ,

197 1864 199 1869 '
258 1860 314 1922 lv.
337 1863 412 1923 Octo
436 1862 548 1938 positae
571 1866 639 1919 sunt
653 1857 812 1920 Orationes
834 1863 863 1920 in
885 1860 992 1921 Officio
1015 1859 1182 1922 Defuncto-
1261 1888 1262 1919 2

216 1959 297 2013 rum,
322 1945 402 2021 qnod
425 1945 453 2002 in
470 1941 528 2002 fine
551 1939 694 2000 Breviant
716 1941 844 2001 Romani
868 1943 988 2020 legitur,
1012 1943 1064 2003 sed
1088 1943 1180 2023 longe

217 2023 321 2098 plures
344 2027 372 2084 in
395 2024 507 2084 Ritnali
531 2028 620 2098 atque
643 2021 769 2094 Missali,
786 2043 915 2100 quornm
939 2026 1097 2086 nonnullae
1120 2040 1181 2082 ex·

185 2137 187 2144 ,
217 2110 281 2164 tant
296 2107 417 2182 quidem
434 2108 462 2164 in
478 2105 717 2164 Sacramentario
732 2105 764 2165 S.
781 2105 918 2183 Gregorii
930 2105 1039 2182 Papae,
1053 2108 1177 2184 aliquae

216 2201 289 2245 vero
304 2194 373 2248 sunt
394 2206 430 2246 eo
448 2187 638 2262 posteriores,
662 2187 705 2246 uti
721 2187 859 2249 observat
873 2187 1027 2250 Garantus
1048 2191 1078 2247 iu
1096 2189 1178 2248 notis

217 2267 253 2326 ad
276 2267 404 2328 Romani
427 2267 572 2329 Breviarii
596 2265 762 2336 Rubricas‚
785 2271 919 2331 sectione
940 2271 1008 2334 tx,
1032 2269 1105 2346 Cap.
1128 2267 1175 2327 ll.

217 2343 274 2410 Sed
299 2352 491 2428 reperiuntur
506 2354 608 2408 tamen
630 2350 660 2407 in
687 2352 779 2410 variis
794 2353 966 2417 blissalibus
986 2351 1175 2412 Ritnalibus·

217 2449 276 2509 que
296 2433 374 2510 apnd
403 2433 541 2493 Marteue
569 2435 600 2491 et
621 2432 695 2491 alios
715 2433 828 2494 Rerum
853 2434 1077 2512 liturgicarum
1101 2431 1177 2492 scri·
1261 2498 1262 2511 χ

217 2520 328 2591 ptores.
353 2511 457 2585 Quoad
481 2514 611 2573 officium
628 2513 797 2575 faciendum
821 2517 851 2574 in
874 2517 1026 2592 Exeqniis,
1051 2516 1176 2575 absente
1261 2558 1262 2575 2

218 2611 344 2672 corpore
367 2595 519 2666 defuncti,
545 2599 627 2655 recte
650 2595 791 2656 observat
811 2597 1007 2658 barrufaldns
1028 2596 1177 2674 multipli-
1261 2594 1262 2597 ’

217 2677 292 2736 citer
307 2693 393 2754 posse
410 2679 495 2738 istam
513 2678 648 2755 corporis
663 2677 793 2739 defuncti
808 2679 973 2740 absentiam
987 2679 1064 2749 dari,
1087 2695 1177 2738 nem-

218 2777 278 2841 pe,
301 2761 349 2820 vel
373 2761 442 2837 quia
462 2761 591 2821 cadaver
610 2758 674 2837 jam
699 2760 858 2824 humatum
881 2764 939 2828 sit,
974 2761 1023 2821 uel
1046 2761 1116 2836 quia
1143 2761 1174 2818 in

216 2843 273 2902 alia
295 2843 423 2903 civitate
437 2843 484 2903 vel
509 2843 575 2902 loco
596 2843 634 2902 sit
649 2847 785 2903 mortuus
808 2844 858 2903 ille
880 2861 1016 2921 proquo
1038 2841 1174 2901 celebra-

217 2930 267 2984 tur
295 2919 457 2994 Officium,
491 2923 540 2983 vel
563 2924 633 3000 quia
655 2941 709 3002 pro
730 2926 868 2986 omnibus
895 2923 1171 2990 christifidelibus,

217 3006 324 3082 quiin
347 3009 448 3066 osculo
471 3005 591 3066 Domini
621 3007 732 3066 mortni
754 3012 849 3074 sunt,
880 3007 1073 3068 celebrantur
1096 3002 1173 3064 Exe-

218 3089 315 3164 quiae,
339 3089 386 3148 vel
402 3090 475 3148 alias
498 3088 537 3147 ob
553 3104 670 3147 causas.
693 3087 852 3165 Nunquam
868 3107 941 3149 vero
957 3088 1104 3149 celebrari
1120 3103 1171 3164 po·

216 3167 277 3230 test
298 3169 437 3230 Officium
461 3169 619 3244 solemne,
644 3186 697 3229 seu
720 3169 786 3230 lieri
802 3171 986 3247 ¹llrrequiae,
1011 3170 1066 3230 nisi
1089 3169 1171 3246 prius

217 3253 348 3312 cadauer
370 3252 501 3312 delatum
524 3253 562 3312 sit
583 3252 619 3310 ad
642 3249 831 3324 Ecclesiam,
856 3253 925 3330 quia
944 3253 1090 3313 'nimirum
1112 3249 1170 3308 Ec-

220 3333 311 3394 clesia
334 3339 417 3394 certa
431 3351 496 3396 esse
519 3333 609 3395 debet
629 3333 666 3393 de
682 3333 765 3394 obitu
789 3336 877 3404 illius,
902 3335 950 3395 cui
972 3330 1170 3394 celebrandae

218 3411 374 3490 Exeqniae
396 3422 486 3484 sunt,
511 3420 542 3474 et
563 3415 641 3490 qnod
664 3414 865 3476 ecclesiastica
888 3413 1042 3495 sepultura
1061 3418 1106 3474 est
1125 3412 1169 3470 di·

213 3513 304 3572 ¹gnus.
329 3495 471 3556 Ceterum
494 3497 544 3558 nbi
572 3501 687 3558 constet
707 3499 836 3559 cadaver
865 3501 1006 3560 traditum
1035 3497 1096 3576 jam
1121 3509 1166 3554 se-

220 3575 359 3653 pulturae
379 3576 482 3650 fuisse,
506 3579 563 3639 rite
579 3578 700 3656 quidem
723 3598 761 3640 ex
775 3583 960 3661 praescripto
988 3577 1115 3643 Ritualis
1134 3575 1163 3634 in
