2567 4042
454 171 514 234 eom
535 162 594 224 337
616 170 677 234 aas·

90 293 305 376 poenitentiam
327 291 368 352 ita
390 296 505 369 agunt,
538 299 570 352 ut
592 292 619 350 in
642 285 748 353 eadem
771 297 891 368 peccata
913 293 1046 354 ditaban-

91 387 153 444 tur,
177 375 347 436 foedissime
370 374 581 450 poenitentiam
604 381 713 450 agunt,
737 380 772 446 ut
793 375 926 451 loquitur
946 374 1047 438 Conci·

92 462 166 522 lium
189 457 368 517 Toletanurn
391 454 443 516 111:
462 457 589 516 decimo·
603 457 735 532 neganda
758 461 803 515 est
823 457 971 517 absolutio
994 459 1049 525 iis,

84 543 148 622 ,qai
166 541 317 620 patticam
339 537 517 600 scandalunt
540 537 697 605 dederant,
715 541 774 598 aiei
790 539 908 614 *publice
929 541 1050 618 salissa:
1117 567 1122 574 ¹

95 625 187 692 nant,
206 631 233 682 et
253 619 430 679 scandatum
451 623 583 690 tottont,·
605 626 752 696 quantum
775 621 889 680 scilicet
910 622 965 698 ipsi
982 637 1051 698 nos·

95 709 175 774 sunt,
199 709 232 763 ut
247 703 333 761 docet
354 700 385 761 S.
402 701 527 772 Carolus
543 703 571 760 in
583 703 645 764 suis
667 703 704 762 ad
720 701 922 762 Confessarios
938 702 1052 766 {nstru-

97 786 254 848 ctionibus:
269 783 384 843 decimo
401 784 497 860 primo
520 786 639 844 tandem
662 785 794 862 neganda
817 790 863 844 est
884 787 920 844 iis
935 787 1052 846 absolu·

99 871 149 935 tio,
164 883 289 947 qeeoram
298 874 422 944 peecata
444 875 512 925 sant
528 866 738 942 Superioribus
752 877 914 926 racemate.
928 864 1052 928 Praeter

98 953 243 1012 hactenus
266 948 431 1008 nominatos
455 947 600 1012 homines,
625 951 735 1024 qrribus
757 967 795 1009 ex
811 950 901 1008 nostri
923 948 1051 1009 Rituatis

98 1029 286 1111 praescripto
303 1029 475 1106 deneganda
498 1036 544 1089 est
565 1030 734 1100 absolutio,
758 1036 878 1090 suntet
899 1031 949 1089 atii
972 1033 1051 1091 mut-

100 1118 143 1183 ti,
168 1113 218 1190 qui
240 1127 277 1168 ex
299 1111 455 1185 insignium
478 1107 701 1188 Theologorurn
724 1113 871 1172 sententia
904 1120 935 1170 et
956 1115 1054 1174 vario-

102 1214 169 1258 rum
184 1193 385 1254 Conciliorum
402 1190 547 1261 Decretis,
573 1211 626 1254 nec
643 1196 722 1255 licite
746 1212 799 1255 nec
826 1194 923 1254 valide
939 1196 1052 1255 absolvi

124 1280 236 1338 assunt.
926 1293 930 1299 ’

38 1376 43 1389 ’
104 1299 199 1418 le.
224 1353 312 1416 Certa
339 1360 385 1415 est
405 1356 456 1416 itta
480 1360 648 1427 sententia,
672 1376 761 1434 quam
784 1376 889 1418 ornnes
910 1358 1056 1436 Theologi

103 1440 302 1504 communiter
317 1437 450 1506 tradunt,
467 1438 655 1500 confitentem
674 1442 702 1499 in
717 1439 851 1516 periculo
867 1440 1056 1501 mnrtiscon-

57 1568 60 1573 -
103 1525 249 1586 stitutum,
267 1519 480 1597 absolvendum
504 1539 568 1582 esse
591 1525 625 1582 ab
641 1523 775 1582 omnibns
795 1525 933 1598 peccatis,
951 1532 977 1581 et
993 1541 1057 1580 cen·

105 1605 183 1666 euris
200 1603 388 1680 quantamvis
404 1605 569 1664 reserantis.
587 1604 692 1665 Veteri
708 1584 829 1679 quideffi
846 1604 999 1664 Ecclesiae
1013 1604 1057 1662 di-

106 1685 238 1762 sciptina,
262 1682 444 1758 Patremque
465 1687 642 1770 auctoritate
666 1686 827 1765 probatur,
850 1687 929 1762 qiaod
951 1688 981 1745 iu
1003 1704 1057 1745 uo-

107 1774 168 1830 stro
190 1763 298 1824 Ritunti
320 1765 457 1834 edicitur,
482 1773 516 1826 ut
538 1785 645 1844 nempe
667 1787 725 1826 uon
748 1767 836 1825 modo
859 1769 916 1839 iis,
941 1770 992 1844 qui
1014 1769 1056 1827 iu·

106 1857 152 1912 ter
174 1845 374 1907 confitendum
398 1865 502 1908 vocem
526 1867 676 1925 usumque
698 1848 835 1924 loquetae
864 1853 1055 1918 amiserunt,

107 1947 212 1992 verum
241 1930 331 1989 etiarn
360 1927 436 1999 iilis,
461 1930 512 2006 qui
535 1931 639 1990 morbo
663 1931 764 1993 lethaii
788 1933 918 2006 correpti
945 1932 1057 1990 deside·

109 2015 188 2088 rinna
203 2009 372 2079 confitendi,
397 2011 459 2071 sive
476 2029 530 2089 per
551 2031 594 2079 se,
613 2013 675 2072 sive
696 2030 751 2088 per
767 2012 839 2071 alios
862 2013 1058 2078 ostenderint,

109 2093 251 2159 absolutio
268 2091 457 2170 praebeatur.
474 2092 665 2169 Quamquam
679 2094 775 2170 aegris
791 2091 903 2170 injungi
920 2113 977 2154 oon
993 2111 1062 2172 pos·

110 2178 148 2240 sit
162 2176 272 2254 gravis,
297 2179 349 2233 ant
363 2172 510 2234 laboriosa
526 2177 718 2252 poenitentia.
743 2193 835 2251 quarn
852 2176 905 2251 ipsi
929 2183 991 2235 turn
1007 2177 1059 2233 im·

109 2259 216 2338 pleent,
234 2255 424 2333 significanda
438 2259 538 2316 tamen
549 2262 594 2316 est
608 2257 738 2334 illisipsa
750 2258 943 2334 poenitentia,
956 2274 1060 2334 quam,

110 2343 134 2402 si
155 2339 376 2403 convaluerint,
400 2337 524 2416 impiere
546 2345 716 2400 teneantur.

473 2499 598 2562 aanor
619 2470 710 2562 xiii
756 2528 759 2534 ,

114 2685 157 2728 uu
178 2679 398 2726 aesouurtonrs
420 2681 552 2736 nonus,
576 2682 618 2726 nu
640 2681 855 2727 ansonurrorue
882 2684 922 2727 au
943 2681 1068 2726 exaou-

155 2763 370 2809 uuurcarronu
392 2763 424 2807 ln
445 2763 528 2807 nono
544 2765 718 2809 uxreuroui
740 2766 781 2808 ur
803 2756 845 2808 uri
866 2766 941 2808 airu
957 2764 1071 2833 cirson·¹

155 2846 253 2891 vanna
267 2845 569 2890 uxcouuunicaruu
592 2847 653 2890 sau
675 2845 841 2890 uouruuu.

157 2991 183 3052 1.
207 2990 410 3052 Absolutionis
432 3007 553 3063 nomen,
578 2992 622 3052 uti
644 2996 726 3053 recte
748 2989 787 3073 (1)
809 2991 1071 3070 omnost'heologi

115 3074 251 3142 docent,
282 3071 474 3152 desumptum
495 3080 541 3134 est
569 3091 606 3134 ex
629 3074 665 3133 iis
686 3073 795 3135 Christi
818 3075 919 3136 verbis
940 3074 977 3136 ad
999 3092 1070 3136 suos

154 3257 190 3318 (tt
202 3249 341 3318 leoninus,
355 3255 394 3306 De
407 3254 598 3316 Sacramenta,
612 3255 724 3306 Dissvl
736 3257 841 3316 Quaest.
853 3257 921 3317 vll.;
935 3253 1031 3313 Euius,
1044 3253 1072 3304 in

119 3328 153 3376 tv
172 3325 382 3385 Sententiarum,
401 3323 582 3376 Distinatiene
600 3327 644 3374 XV
664 3327 681 3384 8
699 3326 762 3383 XV;
782 3322 919 3389 Morinos,
937 3322 977 3372 De
994 3321 1074 3372 disei-

117 3393 198 3458 plina
215 3393 246 3443 in
265 3391 505 3444 administratione
528 3392 699 3443 Sacramenta·
719 3391 917 3452 Paenitentiae,
937 3389 997 3441 Lib.
1015 3395 1075 3442 thl

119 3463 184 3526 Cep.
203 3463 284 3522 vl11;
309 3465 445 3524 Murteae,
472 3461 514 3512 de
529 3461 649 3527 antiquie
668 3460 802 3511 Ecclesiae
820 3457 936 3522 uitione,
956 3461 1019 3526 Cap.
1040 3462 1075 3511 Vl

121 3528 239 3580 Articuto
257 3533 314 3590 Vin
327 3529 462 3595 catalano,
475 3529 509 3583 ed
526 3531 636 3582 Rituote
655 3531 819 3592 Romanam,
832 3528 936 3581 Titulus
956 3531 991 3580 111
1009 3530 1073 3596 Cep.

243 3682 320 3736 ‚vot
339 3685 361 3735 1.
641 3669 645 3678 '
903 3680 938 3732 aa
