2567 4042
590 199 817 273 &388oe

226 331 269 394 les
290 331 432 399 discere,
456 337 486 392 et
506 331 641 407 quotidie
674 330 802 392 recitare
823 332 1049 398 hortabantur·
1076 328 1180 408 hujus·

226 413 306 474 modi
329 419 398 474 sunt
419 413 587 474 Concilium
611 411 817 490 Foroiuliense
839 432 916 474 anno
937 413 1024 482 795,
1054 413 1181 490 illoguu·

226 495 323 556 tinum
346 514 423 555 anno
439 494 501 555 813
523 504 552 556 et
575 497 676 574 plures
690 497 767 556 aliae
783 496 932 575 Synodis
924 516 953 555 ιιι
969 457 1078 572 quibus
1102 494 1180 555 nulla

225 574 259 635 iit
282 580 393 637 mentio
409 578 511 673 bujus·
516 579 612 654 precis
624 575 683 638 Aoo
697 575 814 639 Maria.
836 578 979 640 Occurrit
1000 582 1103 637 tamen
1119 575 1178 637 Δια

225 655 359 720 Μανία
352 680 381 720 ιιι
405 660 513 720 ιιιίιιοιί
535 659 642 720 Officio
669 660 703 719 E.
729 659 863 737 Virginis
889 662 926 722 ad
948 660 1176 724 invitatorium,

224 743 285 800 et'
279 760 307 800 m
323 741 353 801 S
371 742 508 820 Gregorii
525 739 765 802 Sacramentario
781 742 908 814 babetur
929 743 966 801 ad
979 731 1179 803 Oilertorium

224 821 335 884 Missae
357 833 482 900 quartae
506 823 680 883 Dominicae
702 824 869 886 Adventus.
894 826 976 885 inter
999 841 1106 899 preces
1128 823 1179 899 igi·

223 910 272 966 tur
295 904 430 966 fidelibus
454 907 651 984 praescriptas
683 906 759 967 haec
781 909 877 968 oratio
900 906 961 969 Aac
982 904 1091 968 Maria
1120 904 1176 981 pri-

222 1005 307 1048 mum
342 989 492 1049 invenitur
519 989 598 1084 apud
626 988 764 1050 Odorem
796 989 833 1049 de
854 989 973 1050 Soliaco
995 986 1177 1064 Episcopum

225 1066 446 1132 Parisiensem
439 1090 467 1129 ιιι
483 1073 542 1130 suis
555 1061 679 1131 Statuti's
694 1070 1090 1133 numerosiorem
1104 1073 1175 1128 tem·

226 1169 298 1226 pora
321 1153 441 1230 saepius
470 1153 497 1211 in
520 1150 660 1212 Consiliis
683 1154 777 1248 buius
799 1155 942 1216 orationis
965 1152 1103 1212 recitatio
1135 1151 1174 1210 ia·

224 1235 370 1295 calcatur:
395 1235 465 1293 ita
458 1253 486 1292 ιιι
502 1233 665 1294 Oxonrensr
687 1255 757 1295 annr
774 1235 865 1305 1287
890 1255 919 1295 ru
935 1233 1125 1297 Erlurrcensr
1146 1230 1175 1289 in

224 1320 343 1378 statutis
367 1317 636 1394 Lingoniensibus,
666 1321 727 1377 et'
720 1339 748 1377 ιιι
770 1321 834 1379 aliis
857 1317 992 1396 pluribus
1013 1312 1172 1374 Consiliis:

224 1402 253 1455 et
275 1415 437 1476 progressu
461 1400 604 1474 temporis
636 1399 712 1460 adeo
736 1402 861 1460 invaluit
893 1416 963 1460 usus
990 1396 1175 1456 salutationis

224 1481 397 1556 Angelicae,
422 1485 454 1539 ut
475 1499 542 1541 eam
560 1481 753 1542 recitantibus
775 1485 866 1542 eliam
877 1481 1086 1557 indulgentiae
1108 1493 1176 1536 con·

223 1577 324 1623 cessae
346 1563 467 1623 luerint.
491 1563 669 1624 Svmbolum
692 1565 906 1642 Apostolorum
928 1580 966 1622 ox
988 1562 1085 1623 veteri
1108 1557 1176 1619 lide·

177 1687 179 1690 -
223 1644 295 1703 lium
320 1664 425 1713 more,
455 1645 587 1722 quotidie
609 1646 794 1706 antelucanis
816 1647 899 1705 boris
921 1644 1112 1705 recitandum
1132 1646 1176 1700 est

220 1721 304 1798 juxta
337 1725 367 1786 S.
392 1727 586 1788 Ambrosium
619 1728 813 1788 denotandis
848 1726 1030 1804 erinibos.
1061 1722 1173 1783 Nostris

222 1825 294 1866 vero
315 1806 429 1869 Officiis
451 1810 523 1869 illud
547 1811 700 1885 peculiare
722 1816 788 1879 cst,
812 1810 891 1886 quod
915 1814 984 1876 ter,
1012 1815 1103 1883 atquc
1125 1805 1175 1864 tri-

221 1888 278 1948 bus
300 1891 426 1951 diversis
448 1892 634 1968 temporibus
656 1891 833 1970 Symbolum
857 1891 1071 1963 Apostolorum
1104 1887 1174 1946 reci·

222 1975 314 2030 tetur.
331 1971 439 2032 Priscis
456 1974 641 2048 temporibus
664 1979 844 2050 nequeunte
859 1972 957 2034 Officii
981 1973 1111 2034 initium,
1127 1985 1175 2028 ne·
1252 1982 1253 2001 l

220 2071 280 2128 que
303 2063 369 2130 post
390 2055 480 2115 linem
503 2057 561 2114 dici
583 2056 773 2116 consuevisse
791 2077 799 2126 ;
824 2056 904 2133 quod
926 2054 958 2115 S.
983 2054 1054 2114 Pius
1075 2051 1104 2111 V
1125 2068 1175 2128 pe·

221 2136 283 2210 ragi
307 2137 471 2198 mandarit.
505 2137 671 2214 Quinquies
702 2137 793 2198 bodie
824 2139 968 2197 recitatur
997 2134 1173 2214 Symbolum

221 2217 249 2274 in
272 2215 395 2287 Officio,
417 2221 441 2279 si
464 2220 601 2281 dicantur
625 2217 734 2279 Preces
757 2222 785 2279 in
806 2220 930 2285 Prima,
954 2226 986 2280 et
1004 2216 1175 2295 Complcto·
1248 2214 1250 2279 Ῐ

220 2300 286 2359 rio:
312 2301 394 2362 mitro
410 2302 531 2377 qurdem
548 2303 700 2371 Matutini,
723 2303 883 2362 etPrimae
905 2302 942 2361 ad
958 2300 1173 2378 professionem
1249 2296 1250 2315 ¹

219 2379 328 2448 Fidei,
361 2401 439 2459 quae
461 2389 507 2444 est
529 2384 676 2444 virtutum
699 2385 832 2444 omnium
855 2384 1112 2444 tundamentum:
1144 2383 1173 2437 et

219 2464 330 2524 dicitur
353 2470 478 2537 secreto,
502 2467 572 2542 quia
594 2467 623 2524 in
646 2468 798 2543 primitiva
821 2465 954 2527 Ecclesia
977 2458 1044 2525 sub
1057 2461 1172 2525 silentio

219 2545 354 2621 plerique
369 2545 471 2608 fideles
492 2555 579 2608 erant
593 2555 677 2609 metu
692 2551 946 2626 persecutionum,
961 2548 1003 2608 ita
1014 2550 1172 2612 Durandus

216 2625 283 2686 Lib.
300 2627 343 2688 IV
359 2626 433 2725 Cap.¹
452 2629 500 2691 15.
525 2629 558 2689 ln
574 2629 633 2690 bne
655 2650 774 2708 quoque
788 2629 983 2708 Complatorn
999 2639 1117 2693 secreto
1130 2631 1172 2692 dr

217 2710 309 2779 citur,
332 2713 402 2787 quia
426 2713 455 2770 in
477 2710 536 2772 srue
559 2712 664 2772 mundi
689 2715 818 2791 plures
810 2733 840 2773 m
862 2715 953 2774 corde
976 2716 1170 2776 reservabunt

215 2790 333 2863 Fidem,
353 2811 410 2854 non
425 2814 478 2855 ore
495 2795 591 2870 palam
609 2795 836 2872 praedicabunt.
860 2797 941 2857 idem
957 2795 1098 2857 laudatus
1110 2794 1167 2855 llu-

217 2875 339 2935 randus.
372 2874 405 2934 ln
439 2877 536 2936 medio
565 2877 602 2937 ad
631 2895 737 2954 preces
758 2875 877 2938 Primae
898 2885 929 2940 et
949 2874 1165 2955 Completorii,

215 2957 285 3032 qnia
308 2958 335 3015 in
360 2957 510 3030 primitiva
534 2955 680 3027 Ecclesia,
704 2960 765 3020 et
757 2976 786 3016 m
809 2959 1024 3020 boemundi
1017 2979 1047 3020 ιιι
1070 2959 1166 3021 electis

216 3036 337 3098 solidior
347 3036 448 3111 Fides;
466 3040 543 3101 unde
559 3048 590 3103 et
605 3042 650 3102 bis
665 3043 695 3101 iu
711 3041 757 3102 bis
773 3041 890 3103 duabus
902 3039 994 3102 Horis
1009 3042 1068 3102 dici
1083 3043 1162 3103 solet.
