2567 4042
454 173 681 254 mesas·-

83 299 168 374 suit,
203 305 237 362 ut
257 305 399 380 peccator
419 303 644 374 contessionem
671 306 816 370 acturus,
840 298 1042 367 humilitatem

83 383 178 445 uultu
200 389 230 450 et
250 383 357 448 habitu
379 387 597 463 praeseferens,
611 386 648 446 ad
664 385 857 447 Sacerdotem
873 384 1041 446 accederet.

2 521 3 524 ,
86 464 134 530 Ea
156 466 193 527 de
208 483 298 530 causa
320 469 517 544 antiquissimi
533 469 659 536 blomani
675 465 814 539 Ordines,
837 467 978 545 vulgatus
993 465 1047 527 At-

2 587 3 596 ,
86 546 412 626 cuinus·,‚Codieesque
435 549 678 618 Rituales-mulli
700 549 898 627 praecipiunt,
921 553 1044 610 utente

88 631 189 690 omnia
212 631 347 703 baculos,
369 633 394 691 si
416 651 491 711 quos
513 634 636 704 habent,
662 632 847 708 poenitentes
868 631 1043 707 deponant,

2 739 4 780 ι
89 711 229 790 idemque
252 713 410 784 dicendum
432 715 469 776 de
492 716 607 792 gladiis,
631 714 769 786 ensibus,
792 719 824 774 et
844 713 948 772 armis.
971 711 1044 772 Pro·

2 847 4 861 ,
87 799 215 860 stratum
233 797 345 864 nonnisi
366 797 404 859 ad
420 801 533 858 terram
550 798 740 860 consuevisse
756 797 957 873 poenitentem
974 811 1044 872 poe·

2 905 5 944 ι
89 876 244 936 nitentium
268 878 431 955 postulare,
456 880 564 942 docent
578 880 736 942 memorati
759 877 886 938 Romani
900 875 1043 942 Ordines,

2 989 5 1027 ι
87 975 125 1018 ac
146 956 283 1020 Ritueles
304 961 387 1021 Libri
402 979 465 1022 -non
489 963 586 1039 pauci.
600 981 601 986 ¹
617 961 664 1021 Ad
686 961 933 1036 interrogationes
965 959 1043 1037 quod

2 1071 5 1110 ι
87 1041 196 1102 attinet
217 1041 359 1102 iaciendis
393 1041 430 1102 ex
452 1045 636 1122 praescripto
658 1041 785 1105 Ritualis
817 1040 1043 1102 aConiessario

89 1123 306 1200 poenitentem,
329 1125 482 1203 inquirere
504 1125 593 1190 debet
613 1126 651 1192 de
673 1124 751 1188 illius
772 1129 863 1191 statu,
886 1129 916 1184 et
938 1141 1044 1200 quam·

89 1205 207 1282 pridem
229 1207 268 1266 sit
289 1206 452 1271 consessus.
475 1206 724 1284 interrogandum
744 1206 782 1268 de
803 1203 868 1283 ejus
888 1212 984 1276 statu,
1008 1223 1042 1266 ac

3 1319 4 1354 ι
90 1286 256 1348 ministerio
278 1291 491 1364 poenitentem,
517 1289 627 1367 Synodi
643 1289 764 1366 passim,
787 1305 821 1346 ac
842 1286 976 1349 Rituales
991 1305 1044 1349 au·

2 1401 3 1438 ς
88 1367 163 1444 tiqui
185 1367 268 1428 Libri
290 1371 505 1447 praescribunt.
529 1370 617 1432 Ratio
639 1371 706 1450 ejus
729 1369 969 1446 interrogationis
983 1374 1040 1438 est
1110 1412 1114 1422 .

85 1450 157 1526 quia
178 1451 207 1510 in
223 1453 328 1528 quovis
350 1453 581 1522 statnhominis,
605 1458 635 1517 et
648 1453 814 1514 ministerio
836 1451 1045 1547 adsuntprae

86 1539 175 1609 cepta
197 1533 394 1610 obligatoria,
419 1542 521 1601 contra
527 1554 620 1618 quae
642 1537 817 1610 delinquere
840 1534 967 1610 quisque
990 1550 1045 1609 po·
1083 1567 1086 1573 ›

22 1686 27 1696 ,
88 1619 158 1678 test
182 1632 215 1674 ao
237 1615 323 1675 solet.
348 1617 393 1678 De
415 1619 480 1680 aliis
502 1619 783 1696 interrogationibus
803 1615 925 1676 consule
946 1615 1043 1677 Theo·

90 1695 175 1772 logos
193 1715 232 1758 ex
247 1699 338 1758 variis
351 1698 490 1778 synodis,
514 1717 589 1776 quas
610 1699 732 1779 longum
754 1703 836 1760 esset
856 1697 916 1758 boc
938 1715 1042 1778 recen·

90 1794 169 1843 sere,
186 1777 264 1838 illud
288 1779 478 1854 addiscimus,
503 1782 582 1858 quod
606 1783 763 1844 ubirudes
785 1797 941 1856 personae
965 1797 1044 1856 quae

89 1860 254 1938 praecipua
269 1859 352 1922 Fidei
374 1865 519 1943 mysteria
534 1864 682 1940 ignorant,
706 1865 745 1935 ad
758 1860 981 1924 Coniessionem
998 1879 1045 1922 ac

89 1941 224 2009 cedunt,
248 1943 384 2006 debeat
375 1963 455 2024 rpsos
476 1943 682 2006 Coniessarius
703 1948 859 2006 instruere
873 1959 943 2003 cum
964 1945 1045 2004 chri

90 2024 187 2084 stiana
209 2025 355 2088 charitate
377 2035 408 2090 et
439 2010 580 2107 patientia
612 2027 650 2090 de
672 2027 826 2149 principiis
857 2021 1043 2104 Religionis,

88 2123 168 2182 quae
189 2109 266 2168 scire
288 2114 438 2172 tenentur

131 2187 200 2250 Vll.
225 2189 374 2268 Antiquae
396 2195 465 2254 sunt
486 2190 681 2270 prolixaeque
708 2146 860 2288 generalis
879 2154 1044 2252 Coniessio-

91 2267 136 2330 nis
157 2270 316 2339 formulae,
340 2291 416 2350 quae
432 2276 540 2351 passim
564 2275 756 2339 occurrunt
748 2292 779 2332 ιιι
800 2273 928 2347 antiquis
943 2271 1045 2332 Sacra·

89 2359 270 2414 mentorum
278 2354 389 2418 Libris
413 2356 517 2426 Perre,
543 2357 639 2432 quod,
663 2355 781 2417 iacto
758 2351 970 2433 egeremus,
994 2354 1045 2414 de·

2 2483 4 2486 .
89 2433 162 2494 beat
184 2437 340 2532 poenitens
361 2439 460 2500 dicere
485 2437 656 2519 Confiteor,
684 2441 775 2516 prout
796 2437 934 2498 dicitur'
925 2455 966 2498 ιιι
977 2435 1045 2498 Mis-

51 2527 54 2532 ’
90 2533 134 2589 sa,
160 2522 192 2578 et
212 2519 448 2596 siignarnssit‚
459 2520 787 2582 debeatConiessarius
808 2537 868 2580 una
888 2535 1053 2594 cumque-¹

89 2599 203 2660 nitente
225 2597 445 2680 Coniessionem
476 2603 573 2678 ipsam
595 2602 768 2679 generalem
799 2600 898 2662 lacere
925 2601 1048 2677 outqori

89 2697 221 2741 sermone
226 2685 437 2761 ,praescripsit
457 2686 547 2745 etiam
570 2683 762 2747 sacerdotate
776 2683 944 2744 Romanum
958 2682 1046 2743 Parte

90 2725 394 2832 murocinetum
411 2763 613 2832 Sacramenta
623 2765 837 2835 Paenitentiec,
852 2763 955 2842 Capite
969 2760 1047 2824 XVI

88 2845 202 2921 aliique
217 2846 349 2909 Rituales
362 2845 486 2910 Codices
501 2847 654 2926 permulti
668 2846 750 2911 Hinc
766 2848 959 2926 corrigendus
973 2847 1046 2906 abu·

89 2945 155 2988 sus
152 2926 215 2988 ille
236 2929 423 3004 quorundam
445 2931 688 3008 poenitentium,
712 2930 762 3008 qui
784 2929 866 2992 nutlo
887 2930 943 2990 sibi
965 2928 1045 2989 lacte

87 3005 196 3070 Crucis
219 3011 390 3087 signaculo,
415 3029 470 3074 nec
492 3014 616 3074 recitata
625 3013 769 3090 generali
791 3010 983 3073 Coniessione
1004 3000 1046 3068 la·

88 3092 153 3150 tina
175 3091 222 3152 vel
245 3093 361 3170 vulgari
382 3094 493 3171 lingua,
518 3101 552 3156 ut
539 3094 615 3155 tait
634 3095 769 3166 Rituale,
792 3112 831 3154 ex
852 3095 995 3170 abrupto,
1013 3096 1048 3152 ut

87 3173 149 3234 dici
171 3173 305 3244 assolet,
333 3184 470 3254 peccata
487 3177 613 3238 recitare
645 3161 801 3254 incipiunt.
835 3174 940 3249 Quoad
974 3191 1047 3234 vero

70 3255 183 3338 patris
205 3257 353 3327 verbum,
377 3275 437 3335 quo
458 3255 664 3320 Coniessarins
684 3277 703 3319 a
724 3259 895 3336 poenitente
915 3257 1048 3336 appella·

90 3342 143 3396 tur
164 3339 234 3398 satis
255 3339 284 3399 id
301 3341 449 3412 ostendit,
473 3347 585 3417 quante
606 3359 641 3408 ao
663 3341 759 3417 quatis
781 3339 888 3409 debeat
909 3358 976 3402 esse
996 3358 1047 3417 pa·

89 3417 195 3480 tientia
216 3425 246 3481 et
267 3421 397 3482 charites
418 3421 617 3484 Coniessarii
615 3440 695 3500 erga
718 3423 933 3501 poenitentes
925 3441 955 3482 ra
984 3421 1047 3483 sui·

90 3498 224 3562 terendo
249 3521 355 3566 eornm
377 3507 503 3572 rusticos
535 3512 576 3570 et
587 3511 720 3584 agrestes
752 3505 880 3577 rbodos,
908 3506 1047 3584 ignorau-

90 3582 165 3644 tiam
180 3589 269 3662 atque
281 3586 528 3654 imbecillitatem.
538 3587 711 3654 Cavendum
725 3607 817 3669 qaam
831 3589 964 3655 maxime
974 3587 1048 3651 Con-
