2567 4042
461 163 686 236 2373&-

102 298 241 372 dicantur
262 296 292 353 in
306 293 469 359 Laudibus,
483 312 536 353 nec
552 312 684 369 uuquam
706 295 892 355 omittantur.
906 294 1064 354 Dicuntur·

102 386 205 441 autem
228 394 347 453 semper
368 378 397 434 in
411 375 621 444 Festisiidcm‚
647 384 677 437 et
698 378 726 434 in
750 376 831 437 seriis
846 376 1048 453 paschalibus,

102 480 142 524 ex
164 459 328 533 Micrologo
341 454 414 534 Cap.
432 456 483 525 51,
500 460 568 533 quia
592 464 731 518 resonant
752 460 902 520 laetitiam.
926 456 992 517 Duo
1014 476 1052 517 ex

102 544 151 605 his
165 545 320 603 mutantur
336 542 365 599 in
379 540 543 599 Dominicis
558 539 815 618 aSeptuagesima
831 556 924 615 usque
940 541 975 597 ad
992 540 1051 599 Do-

102 626 244 685 minicam
259 620 444 681 'Palmarum
467 622 638 681 inclusive:
670 624 736 683 vioe
763 640 891 699 quorum
923 621 1050 681 dicimus

103 708 243 785 psalmos
269 702 412 765 Miserere
432 708 463 763 et
488 704 690 784 Confitemim‘,
708 705 744 764 ad
762 707 898 764 timorem
921 708 952 763 et
966 720 1050 778 spem

101 807 140 849 eo
155 795 290 863 tempore
308 786 513 845 excitandam:
539 788 678 846 timorem
701 788 739 847 ob
754 790 873 864 peccata
896 786 1049 861 inprime,

100 889 184 947 spem
208 886 245 929 ex
267 868 398 927 bonitate
420 866 475 926 Dei
495 868 525 926 in
547 870 651 928 altero.
680 866 763 929 Haec
785 866 955 927 amalarius
975 866 1046 927 Lib.

99 951 146 1012 lv
168 954 204 1011 de
224 948 333 1033 Officiis
354 948 426 1024 Cap.
446 948 484 1021 18
506 955 536 1009 ct
550 950 620 1025 quia
636 969 693 1010 non
709 956 754 1011 est
766 954 886 1025 tempus
905 944 1047 1021 laetitiae,

99 1052 194 1109 quam
215 1033 386 1109 exprimunt
406 1030 427 1088 ii
440 1029 510 1091 duo
532 1032 660 1109 psalmi,
683 1032 829 1091 Dominus
850 1034 996 1109 reparavit,
1019 1038 1050 1091 et

101 1114 238 1176 iubilate.
269 1113 302 1173 111
323 1112 419 1174 feriali
442 1113 539 1172 ollicio
565 1133 620 1193 per
644 1132 752 1174 aunum
775 1114 890 1192 primus
917 1115 1050 1188 psalmus

101 1203 149 1257 est
163 1196 390 1274 poenitentialis.
414 1192 568 1262 Miserere,
592 1197 741 1271 quia‘dies
757 1196 875 1255 ieriales
896 1201 966 1255 sunt
980 1212 1050 1271 poe-

100 1279 256 1346 nitentiae,
272 1278 366 1353 iuquit
385 1273 477 1354 Hugo
497 1276 532 1336 de
559 1274 669 1359 Officiis
690 1278 808 1359 ¹Cap.·X
830 1276 977 1337 secundus
998 1292 1049 1335 va-

98 1361 208 1431 riatur,
233 1366 266 1422 ut
286 1358 444 1435 expleatur
465 1358 653 1435 psalterium.
975 1406 976 1411 ,

479 1519 605 1582 CAPUT
626 1521 679 1583 lV.
748 1550 750 1553 ·

400 1734 403 1741 .
457 1702 510 1746 ΜΞ
541 1702 692 1747 Patala.

97 1882 101 1887 ·
142 1846 166 1907 1.
189 1848 290 1909 Prima
317 1854 383 1911 erat
403 1847 505 1909 Oratio
517 1891 529 1916 ,,
564 1868 642 1926 quae
663 1847 730 1909 Sole
758 1864 847 1923 supra
876 1844 1048 1905 Orizontem

97 1936 169 1989 orto
189 1930 291 1992 fiebat.
316 1933 394 1992 Ante
415 1928 545 1991 Cassiani
567 1938 703 2007 tempora
727 1929 839 1989 nullum
860 1926 963 1988 Horae
985 1927 1049 1987 Pri-

96 2028 171 2073 mee
190 2014 349 2091 vestigium
370 2018 460 2078 extat.
478 2018 664 2089 testaturque
680 2012 745 2071 Lib.
759 2009 803 2070 111
818 2006 949 2070 lectitet.
973 2006 1046 2082 Cap.

96 2091 121 2152 11
144 2095 174 2154 in
194 2094 627 2156 Monasteriolietbleemitico
650 2098 746 2155 aetate
769 2111 821 2152 sua
844 2092 973 2151 additam
995 2088 1048 2150 01-

94 2174 170 2236 ficio
192 2177 293 2246 inisse,
317 2178 404 2253 eique
426 2181 488 2235 tres
502 2177 633 2236 Psalmos
654 2182 743 2252 atque
760 2178 820 2234 tres
835 2170 978 2233 Collectas
994 2171 1047 2231 tri·

90 2258 207 2327 botos,
230 2260 258 2318 id
280 2278 354 2319 nero
375 2275 428 2335 per
448 2256 600 2319 Orientem
630 2276 686 2317 non
709 2261 871 2315 servatum.
896 2253 926 2313 S.
950 2253 1048 2313 Aure·

93 2340 195 2399 lienus
209 2340 339 2400 Primam
361 2340 511 2400 laudibus
534 2340 652 2417 jungit,
679 2336 910 2415 praescribitque
931 2336 966 2394 ad
984 2334 1047 2393 Pri·

91 2438 181 2481 mam
203 2422 360 2483 duodecim
382 2419 527 2485 Psalmos.
550 2421 719 2499 Hymnum.
742 2424 774 2479 et
795 2426 855 2479 tres
878 2418 1046 2477 Lectiones.

91 2502 127 2565 S.
145 2500 326 2565 Benedictus
338 2504 420 2562 clare
442 2508 473 2560 et
493 2504 629 2564 distincte
646 2502 776 2563 Primam
799 2519 819 2583 11
837 2500 988 2565 Laudibus
1003 2497 1047 2557 di·

90 2586 234 2661 sdnguit,
257 2585 401 2663 jubetque
422 2582 494 2660 Cap.
520 2583 559 2643 16
581 2587 662 2645 hunc
684 2585 819 2645 ordinem
841 2584 870 2641 iu
893 2600 929 2643 eo
945 2598 1047 2641 serva·

90 2669 138 2726 ri:
161 2667 241 2727 Deua
260 2668 294 2724 iu
307 2665 508 2747 adjutorium,
524 2664 751 2745 Hymnus.tres
768 2662 874 2746 Psalmi
889 2682 958 2724 cum
975 2661 1047 2724 Gio·
1074 2662 1075 2667 ’

91 2750 141 2807 ria
165 2748 203 2806 ad
225 2747 370 2826 cujusque
390 2746 493 2813 finem,
515 2747 628 2814 Lectio,
644 2746 831 2815 Versiculos,
856 2744 949 2824 Kyrie
970 2741 1047 2802 Elei·

93 2848 165 2897 son,
190 2829 258 2889 inde
281 2829 364 2889 abire
385 2829 502 2889 licebat.
537 2827 618 2889 Hora
640 2829 741 2889 Prima
763 2826 876 2887 Romae
901 2824 1048 2887 Amalarii

93 2917 236 2987 tempore
258 2917 376 2987 recepta
398 2911 588 2985 conspicitur.
613 2909 714 2971 Prima
736 2910 799 2969 siue
812 2908 982 2985 Antiphone
1005 2906 1050 2964 di·

92 2994 237 3054 uebatur.
260 2990 378 3051 Primus
393 2990 567 3067 Rodulpbus
582 2992 766 3069 sanga-ensis
787 2992 901 3059 scribit,
914 2988 1049 3065 singulas

93 3074 157 3136 diei
181 3074 270 3133 boras
291 3072 492 3149 Antipbonan
515 3073 638 3134 babere.
662 3071 748 3133 Circa
771 3072 846 3133 istud
869 3068 1047 3130 Primae'Oi-

94 3154 202 3216 ficium
218 3146 364 3215 'nonnulla
385 3156 662 3215 observandarum.
688 3154 788 3213 Primo
809 3152 874 3231 ejus
890 3153 1049 3213 iustitutio-

95 3254 168 3297 nem
189 3235 332 3297 Cassiano
351 3238 550 3313 antiquiorem
578 3256 636 3297 non
658 3254 746 3307 esse,
777 3242 810 3297 ut
832 3240 912 3297 recte
941 3234 1052 3311 probat

96 3315 234 3383 Gomara
254 3320 282 3378 in
297 3316 520 3379 Commentario
540 3320 577 3379 ad
591 3317 766 3380 Cassianum
792 3314 913 3377 Libit!
935 3316 1007 3391 Cap.
1025 3314 1047 3375 11

96 3400 240 3477 quidquid
265 3400 428 3461 reclament
442 3399 585 3461 nonnulli.
608 3402 745 3463 8111111110
768 3400 845 3461 istud
866 3398 984 3459 Primae
1000 3396 1044 3457 oi·

98 3476 200 3540 tioium
220 3480 387 3542 aCassiano
408 3482 533 3543 alteram
550 3482 728 3544 Matutinam
744 3482 897 3559 appellari,
914 3479 1043 3555 eoquod

95 3574 188 3625 mane
209 3570 275 3624 orto
294 3563 356 3641 jam
379 3566 442 3626 sole
463 3564 679 3627 celebraretur.
697 3564 799 3627 Tertio
823 3563 959 3641 qrrarnris
983 3558 1047 3621 Pri-
