2567 4042
461 217 688 289 efflfflfoeuo

51 366 53 369 ·
100 350 157 406 bus
189 363 262 422 prae
296 347 405 406 ceteris
437 346 565 407 Ministri
588 347 699 406 Altaris
722 345 785 405 lleo
819 350 887 404 suut
920 365 1060 422 praesen—

101 429 193 489 tandi.
217 426 309 487 Ritus
330 433 488 506 praeterea
504 428 646 504 antiquus
668 427 741 496 luit,
766 433 800 487 ut
822 427 960 488 homiues
975 447 1061 507 prae·

100 511 207 570 sertim
228 510 307 569 sacri
341 529 376 570 ac
399 511 529 588 religiosi
558 526 629 570 cum
656 508 816 579 chartula,
839 507 923 568 Fidei
945 511 1061 571 conlas-

99 595 216 652 sionem
231 593 413 659 continente,
424 592 641 666 ‘sepelirentur
661 589 704 652 De
721 592 751 651 S.
770 590 883 650 loanue
897 589 1060 658 Gualberto

98 674 218 733 Abbate
240 674 281 732 ita
294 671 345 734 ‘in-
356 674 426 752 ejus
449 673 518 733 Vita
534 675 661 750 legimus
676 674 725 732 die
741 671 802 733 Xll
830 671 925 732 Iulii:
943 673 982 733 Ia
997 674 1061 732 bre·

99 756 199 816 oiculo
215 754 265 814 coi
276 756 453 836 consepeliri
467 755 570 825 ooloit,
580 756 672 836 jussit
687 756 757 814 baec
772 755 872 816 scribi:
888 755 953 833 Epo
967 752 1061 816 toan-

98 855 150 896 nes
166 835 264 903 ⁴credo
296 848 325 897 et
356 837 499 916 confiteor
521 834 650 906 Fidem,
675 855 765 915 qaam
791 834 896 897 Sanco·
927 834 1062 914 Apostoli

96 917 374 997 praedicaverant,
400 928 427 976 et
450 917 557 978 Sancti
578 918 687 978 Patres
709 919 743 976 ia
761 929 895 997 qoataor
917 918 1061 982 Consiliis

99 999 331 1080 confirmarunt.
361 1000 459 1058 Aliam
481 998 565 1060 Fidei
588 999 756 1060 formulam
785 1001 899 1078 pectori
930 1019 985 1060 suo
1009 1018 1061 1077 ap

99 1084 171 1158 poni
192 1083 281 1161 jussit
301 1081 463 1142 Mauritius
485 1081 651 1160 Episcopus
672 1081 868 1149 parisiensis,
892 1087 926 1142 ut
957 1082 1062 1141 scribit

99 1162 251 1240 Rigordus
273 1167 302 1223 in
323 1164 392 1224 Vita
416 1162 548 1241 Philippi
564 1163 705 1240 Arrgusti.
724 1162 877 1232 Libitum,
900 1182 935 1223 ac
957 1163 1061 1242 pietati

100 1246 172 1305 satis
195 1252 452 1315 cousentaneum,
477 1251 510 1306 ut
531 1247 609 1305 sacri
637 1245 776 1305 homines
804 1246 939 1304 restibus
959 1247 1061 1312 ,sacris

99 1327 208 1398 induti,
222 1347 257 1390 ac
273 1325 438 1389 benedictis
453 1325 647 1403 sepeliantur,
672 1325 761 1388 docet
782 1325 895 1386 Suarez
910 1327 1004 1386 Tomo
1017 1325 1061 1386 III

99 1408 314 1487 Disputationes
335 1406 473 1468 LXXXI
493 1406 624 1468 Sectioae
648 1405 736 1486 l'III.
761 1405 864 1469 Ritum
898 1426 989 1484 quem
1024 1409 1061 1467 ad

102 1495 204 1549 nostra
226 1494 301 1553 haec
324 1508 419 1568 usque
442 1496 579 1566 tempora
600 1495 754 1550 servatum
770 1491 900 1551 vidimus
921 1489 1061 1566 alligandi

102 1570 236 1634 Cilicem
259 1577 337 1634 iuter
370 1590 477 1634 manus
509 1571 640 1633 defuncti
669 1570 861 1637 Sacerdotis,
885 1589 1062 1649 expressum

102 1657 240 1729 reperies
272 1653 352 1734 apud
385 1653 572 1713 Auctarium
601 1654 667 1714 Lib.
693 1653 742 1713 IV·
773 1655 816 1714 De
842 1652 1061 1714 Ecclesiasticis

108 1733 237 1818 Officiis,
262 1737 335 1813 Cap.
358 1733 475 1794 XLIX.
500 1733 603 1796 Ritum
625 1737 789 1796 collocandi
812 1734 939 1806 Calicis,
964 1735 1062 1796 etPa-

103 1824 191 1877 tenae
213 1834 306 1896 super
328 1816 459 1877 defuncti
481 1823 587 1894 pectus
609 1817 744 1886 Romae,
769 1823 859 1893 atque
892 1818 961 1877 alibi
995 1823 1060 1878 tum

103 1900 247 1961 usitoum
260 1899 384 1976 colligit
405 1899 542 1958 eruditus
557 1898 706 1960 Antonius
721 1899 912 1959 Caraceiolus
927 1899 1061 1960 Clericus
1091 1905 1114 1939 ν·

101 1979 286 2057 Regularis,
310 1981 339 2039 iu
360 1977 445 2059 Notis
474 1981 510 2037 ad
533 1979 665 2057 Regulas
698 1983 742 2040 sui
771 1978 913 2050 OrdiuiS,
939 1980 1061 2040 Parlel
1117 2027 1129 2052 ,

101 2061 177 2136 Cap.
190 2063 239 2123 lX
254 2081 324 2140 pag.
342 2060 395 2121 88.
412 2060 445 2119 lu
459 2060 537 2121 Vitis
552 2060 728 2121 Sanctorum
746 2059 966 2138 Episcoporum
982 2062 1061 2136 apud

99 2143 312 2205 Bollaudianos
333 2143 507 2219 frequenter
528 2145 686 2219 reperies,
716 2143 849 2220 sepultos
881 2143 959 2220 ipsos
992 2161 1061 2204 cum

101 2224 204 2288 Colice
227 2245 317 2302 super
339 2228 445 2301 pectus
466 2227 613 2303 apposito.

129 2304 198 2367 lx.
222 2307 309 2380 Quae
330 2308 478 2367 hacteuus
505 2307 543 2366 de
564 2308 698 2367 vestibus
727 2304 936 2368 defunctorum
967 2306 1054 2377 dixi,

100 2385 138 2445 ad
154 2387 331 2466 Episcopos,
347 2387 543 2466 Presbyteros
565 2389 699 2464 aliosque
722 2389 898 2450 inferiorum
921 2389 1059 2449 ordinum

98 2466 233 2530 Clericos
255 2476 402 2548 spectant.
425 2469 531 2528 Laicos
552 2471 692 2530 homiues
707 2471 737 2528 in
753 2470 859 2531 babitu
876 2471 999 2531 cuilibet
1014 2487 1059 2530 or·

99 2551 160 2610 dini
182 2553 305 2629 proprio
327 2553 459 2628 sepultos
481 2557 606 2612 constat.
624 2549 701 2610 Nam
731 2552 934 2627 Imperatores
962 2554 1059 2628 impe·

97 2631 225 2693 rialibus
256 2633 420 2710 insignibus
449 2633 600 2706 redimiti,
623 2632 723 2710 Reges
745 2634 915 2711 regalibus,
941 2635 1056 2694 milites

100 2715 305 2781 militaribus,
329 2715 378 2774 alii
406 2714 489 2782 suis,
513 2721 615 2775 terrae
644 2716 874 2776 mandabantur.
900 2713 1060 2776 Caeremo·

98 2798 158 2856 niis
180 2797 329 2874 peraoliS,
355 2813 430 2872 quas
452 2794 611 2872 hucusque
638 2795 858 2874 explicuimus,
883 2799 983 2858 vestiti
1006 2796 1059 2857 de-

99 2879 197 2938 functi
231 2876 368 2937 solebant
398 2879 428 2935 in
456 2874 647 2950 Coenaculo',
671 2897 724 2940 seu
745 2878 892 2939 Tricliniis
925 2879 1059 2956 primum

99 2960 232 3037 exponi,
257 2959 301 3019 uti
331 2964 446 3018 constat
477 2977 515 3018 ex
546 2958 759 3036 Apostolorum
778 2960 908 3021 'Actibus
930 2959 1003 3036 Cap.
1028 2960 1059 3019 X

100 3041 154 3101 ubi
186 3043 227 3100 ita
260 3041 409 3118 legimus3
437 3039 515 3102 Cone
544 3038 680 3102 Tabitom
706 3043 868 3112 lavissent,
892 3052 1059 3122 posuerant

100 3141 167 3182 eam
187 3125 223 3182 ia
248 3123 432 3194 Coenocal03
458 3122 487 3180 id
510 3123 589 3197 quod
611 3142 666 3185 suo
688 3130 824 3200 ternpore
846 3124 972 3182 Tolosae
1004 3123 1058 3183 ob-

99 3210 276 3272 servatum,
300 3208 428 3264 testatur
451 3201 620 3279 Stephanus
655 3205 784 3264 Duranti
808 3205 875 3264 Lib.
899 3205 914 3264 l
936 3203 980 3262 Dc
1003 3203 1058 3262 Ri-

99 3287 179 3346 tibos
201 3284 347 3346 Ecclesiae
368 3284 558 3354 Catholicae,
581 3284 653 3363 Cap.
668 3285 776 3345 XXIII
791 3286 870 3347 Num
886 3285 972 3346 XlV.
991 3284 1058 3344 Non
1142 3340 1145 3348 ,

99 3385 195 3428 unum
218 3367 350 3428 elidem
373 3365 430 3425 fuit
452 3367 529 3442 apud
551 3384 655 3428 omnes
676 3367 869 3428 intervallum
885 3369 998 3426 obitum
1015 3369 1056 3426 iu-

100 3456 147 3511 ter
168 3453 201 3509 et
221 3449 393 3527 sepulturae
415 3447 506 3508 diem.
532 3445 656 3508 l¹lurimi
685 3449 792 3508 eadem
825 3467 884 3525 qua
918 3448 1058 3510 obierant

100 3532 149 3593 die
172 3531 281 3609 sepulti
303 3529 453 3606 leguntur.
471 3529 556 3588 Mora
578 3546 632 3590 seu
652 3529 755 3590 'dilatio
770 3547 842 3608 erga
858 3527 966 3610 Reges,
985 3528 1056 3606 Epi-

102 3629 211 3692 scopos
231 3612 445 3689 praesertim,
474 3609 649 3688 Principes,
683 3612 822 3681 nobiles,
851 3616 903 3672 aut
924 3610 1057 3672 Abbates

876 3706 890 3735 4
