2567 4042
437 208 659 277 wilti&

87 339 242 416 Campanas
262 338 426 413 pulsemus.
452 337 557 397 Audiri
579 354 638 397 non
660 334 749 399 debet
779 336 856 397 iuter
879 334 953 393 alios
981 351 1032 395 ne-

88 422 238 496 quissimus
260 415 484 495 Hospinianus,
509 436 578 479 cum
603 420 647 479 ait
668 418 764 479 multo
784 418 852 495 plus
874 435 928 479 nos
942 414 1030 477 Cam-

86 503 161 579 panis
191 518 357 576 eorumque
377 502 497 560 tinnitui
521 501 671 567 tribuere,
689 517 779 577 quam
795 501 913 577 piorum
935 496 1032 558 homi·

88 602 150 642 oum
170 584 322 661 precibus.
345 580 412 642 Non
435 585 514 642 enirn
537 583 604 661 plus
626 582 681 660 ipsi
698 582 887 658 Campanae,
904 580 952 643 vel
968 579 1032 657 ejus

87 682 152 726 sono
182 684 237 727 nos
267 664 401 743 praecise
429 666 613 734 tribuimus,
636 664 687 724 sed
717 664 857 742 precibus
879 663 1031 725 Ecclesiae

87 747 188 822 quibus
208 752 382 808 consecrata
404 753 461 807 est.
485 746 590 821 ltaque
612 747 748 807 effectus
768 744 934 822 expellendi
964 760 1031 822 pro·

86 830 167 889 cellas
188 835 220 888 et
242 832 435 906 tempestatas
457 846 511 904 por
533 829 661 888 sonitum
691 827 880 904 Campanae,
904 828 1031 890 atcerte

85 911 162 971 docet
182 909 344 971 Gretserus
359 910 426 969 tib.
445 908 476 969 ll
498 908 542 967 Dc
555 910 815 973 benedictionibus,
829 907 900 988 Cap.
916 906 1029 976 xtvt

85 994 200 1052 minime
215 997 392 1067 expectatur
421 1010 437 1049 a
463 1008 536 1050 sono
554 990 749 1071 Campanae,
780 997 927 1067 quatenus
949 998 1032 1051 uatu-

84 1076 147 1135 ralis
167 1074 290 1151 qnidam
312 1074 433 1151 clangor
455 1081 526 1143 est,
550 1073 602 1133 sed
635 1080 670 1133 ut
701 1073 739 1133 ab
761 1072 957 1137 instrumento
981 1090 1031 1133 aa·

85 1156 129 1215 riis
155 1155 298 1234 precibus
317 1160 489 1218 consecrato
504 1157 660 1232 procedit;
686 1162 816 1233 quarunt
844 1174 984 1234 precum,
1001 1161 1033 1216 et

87 1238 322 1299 obsecrationum
344 1254 461 1297 memor
483 1237 565 1297 Deus
579 1238 746 1315 praedictos
763 1237 889 1299 ellectus
910 1256 964 1316 per
986 1255 1032 1297 so-

86 1337 149 1379 num
181 1320 355 1396 Campanae
388 1324 530 1395 tauquam
557 1338 611 1396 per
637 1336 782 1396 organum
814 1321 960 1395 producit.
994 1317 1033 1381 Et

88 1420 117 1461 re
136 1418 205 1461 vera
234 1418 273 1459 au
296 1420 354 1461 non
375 1398 525 1459 Hebraeis
553 1402 669 1462 dilectis
700 1400 827 1468 alteo,
858 1403 886 1461 in
916 1402 1033 1479 capien-

85 1483 117 1543 da
136 1489 166 1543 et
187 1482 354 1543 evertenda
374 1479 500 1543 Civitate
522 1481 669 1550 lautho,
700 1482 849 1559 praesidio
881 1484 966 1545 luere
987 1500 1034 1545 se-

84 1571 157 1639 ptcnr
191 1564 359 1632 buccinae,
380 1582 509 1640 quarum
532 1566 672 1642 clangore
695 1565 773 1623 muri
795 1568 954 1625 corrueret
965 1563 1031 1625 lam

85 1648 214 1725 exempla
248 1646 278 1703 in
307 1648 377 1706 vitis
398 1645 577 1706 Sanctorum
600 1653 632 1707 et
663 1649 693 1705 iu
724 1644 857 1706 Historia
884 1644 1032 1707 Ecclesia·

84 1731 149 1789 stica
171 1748 229 1789 non
252 1727 380 1797 desunt,
403 1729 512 1807 quibus
534 1733 648 1789 constat
669 1729 890 1806 Campanarum
912 1727 1032 1789 benedi-

83 1816 190 1870 ctaurm
211 1813 313 1871 sonitu
345 1828 402 1871 non
425 1811 515 1869 modo
537 1815 730 1889 tempestates
762 1810 903 1880 sedatas,
928 1812 978 1871 sed
1001 1815 1032 1871 et

83 1898 208 1953 mortuos
240 1892 333 1951 etiam
364 1895 444 1952 vitae
465 1894 630 1953 restitutos.
655 1893 718 1952 Etsi
748 1898 850 1953 autem
878 1891 1031 1953 Ecclesiae

83 1991 178 2048 preces
198 1976 230 2033 in
255 1974 458 2035 benedictione
479 1974 648 2052 Campanae
671 1990 708 2033 eo
735 1974 872 2043 tendant,
898 1981 930 2035 ut
951 1974 1031 2034 illius

82 2057 185 2117 virtute
208 2062 405 2134 tempestates
426 2056 590 2126 sedentur,
613 2055 795 2115 addiscimus
816 2061 916 2115 tamen
930 2072 968 2115 ex
989 2056 1030 2113 ri·

84 2138 114 2195 tis
134 2138 311 2199 Sanctorum
327 2139 479 2198 mirabiles
493 2156 601 2199 sonoro
615 2138 686 2199 huic
708 2138 768 2197 aeri
785 2137 911 2197 allectus
933 2135 1030 2197 Deum

82 2221 239 2281 concedere
261 2221 300 2279 ob
321 2220 428 2281 merita
450 2220 540 2279 etiam
563 2222 682 2282 illorum
701 2218 889 2286 Sanctorum,
906 2218 934 2278 in
957 2236 1030 2295 quc·

83 2318 143 2361 rnm
172 2300 318 2362 Ecclesiis
344 2301 513 2379 Campanae
545 2308 615 2363 suut
633 2308 776 2366 erectae,
808 2300 1030 2362 imminentibus

83 2385 325 2461 tempestatibus,
349 2401 419 2445 cum
441 2384 489 2461 pie
511 2389 602 2458 atque
624 2400 691 2442 cum
714 2382 773 2443 frde
795 2381 960 2460 pulsantur.
995 2410 1002 2425 ·

118 2464 169 2526 lV.
186 2468 257 2528 Duo
278 2472 348 2525 sunt
370 2471 517 2542 tempora,
535 2466 644 2540 quibus
659 2463 793 2525 Ecclesia
808 2468 892 2523 vetat
913 2465 1032 2541 pulsare

83 2545 256 2625 Campanas.
272 2545 408 2607 Primum
422 2551 469 2606 est
483 2552 603 2623 tempus
618 2545 771 2607 interdicti
794 2543 906 2605 localis.
924 2545 957 2606 ln
973 2542 1031 2605 Ec-

85 2627 174 2689 clesiis
195 2631 277 2691 enim
293 2629 458 2690 interdictis
479 2647 538 2690 uon
560 2633 682 2707 possunt
696 2628 813 2707 publice
825 2624 970 2687 celebrari
982 2627 1030 2687 Di·

84 2710 145 2769 riaa
159 2711 278 2772 Olllcia.
301 2709 427 2791 lnsuper
449 2710 616 2789 insignum
633 2711 798 2771 maestitiae
819 2707 1032 2771 etdeiestatio·

85 2792 125 2851 nis
137 2791 250 2863 delicti,
275 2795 356 2869 quod
377 2794 434 2853 tuit
455 2808 546 2858 causa
570 2791 735 2863 luterdicti‚
759 2790 894 2852 Ecclesia
916 2790 1033 2869 praedi-

88 2876 162 2934 ctum
183 2894 292 2936 sonum
312 2876 478 2952 prudenter
500 2874 655 2953 prohibet,
680 2880 711 2934 et
733 2874 848 2935 silentio
870 2870 1031 2955 Campana-

85 2971 145 3015 mm
167 2959 280 3017 excitat
300 2954 402 3017 fideles
424 2958 459 3016 ad
482 2956 710 3016 detestationem
743 2956 880 3035 ejusdem
914 2954 1025 3015 delicti.

85 3034 125 3095 Er
145 3039 251 3117 Capite
275 3044 378 3099 autem
400 3035 489 3098 Alma
511 3037 612 3099 Matar
634 3039 836 3114 permittitur,
865 3040 900 3097 ut
921 3036 950 3095 in
976 3033 1032 3097 Fe·

87 3120 131 3177 stis
150 3120 321 3181 Natiuitatis
350 3118 480 3189 Domini,
502 3120 667 3189 Paschatis,
690 3118 900 3184 Pentecostes,
923 3121 954 3177 at
975 3116 1032 3177 As·

87 3204 258 3279 sumptionis
280 3201 314 3262 B.
338 3200 392 3262 M.·
407 3202 540 3281 Virginis
571 3202 763 3263 celebrentur
795 3201 902 3260 Divina
926 3198 1032 3261 Olllcia

88 3282 254 3345 solemniter
275 3302 344 3344 curn
364 3285 534 3362 pulsatione
555 3283 789 3362 Campanorum.
807 3283 846 3343 Et
869 3281 946 3343 banc
961 3299 1031 3343 cou-

88 3368 243 3426 cessionem
255 3364 348 3427 fnisse
360 3384 415 3445 per
430 3366 593 3426 Martinam
606 3366 646 3432 V,
659 3364 826 3441 Eugenium
842 3362 896 3431 tv,
911 3369 942 3424 et
956 3362 1046 3423 leo·-

90 3461 150 3505 nem
170 3447 201 3507 Χ
222 3446 394 3526 ampliatam
417 3448 452 3507 ad
475 3448 592 3524 Corpus
605 3447 716 3508 Christi
733 3468 740 3516 ;
765 3453 795 3506 et
810 3445 942 3523 Virginis
956 3442 1031 3505 Cou-

91 3529 248 3604 ceptiouem
271 3547 342 3591 cum
365 3534 427 3591 tota
448 3537 565 3594 cctam,
589 3528 683 3589 refert
705 3527 794 3603 Volpi
811 3527 959 3588 desolatio
977 3524 1030 3584 95.

91 3605 212 3689 Angelus
233 3612 332 3673 ltocca
361 3612 391 3672 in
413 3630 468 3674 suo
489 3612 526 3673 de
550 3612 714 3689 Componis
738 3608 958 3673 Commentario
979 3606 1031 3705 do-
