<?xml version="1.0" encoding="UTF-8"?>
<!DOCTYPE html PUBLIC "-//W3C//DTD XHTML 1.0 Transitional//EN"
    "http://www.w3.org/TR/xhtml1/DTD/xhtml1-transitional.dtd">
<html xmlns="http://www.w3.org/1999/xhtml" xml:lang="en" lang="en">
 <head>
  <title>
</title>
<meta http-equiv="Content-Type" content="text/html;charset=utf-8" />
  <meta name='ocr-system' content='tesseract 3.04.00' />
  <meta name='ocr-capabilities' content='ocr_page ocr_carea ocr_par ocr_line ocrx_word'/>
</head>
<body>
  <div class='ocr_page' id='page_1' title='image "./institutionesli01marigoog_0294.png"; bbox 0 0 2567 4042; ppageno 0'>
   <div class='ocr_carea' id='block_1_1' title="bbox 608 193 833 266">
    <p class='ocr_par' dir='ltr' id='par_1_1' title="bbox 608 193 833 266">
     <span class='ocr_line' id='line_1_1' title="bbox 608 193 833 266; baseline 0.004 -1"><span class='ocrx_word' id='word_1_1' title='bbox 608 193 833 266; x_wconf 51' lang='lat' dir='ltr'>*Emitte</span> 
     </span>
    </p>
   </div>
   <div class='ocr_carea' id='block_1_2' title="bbox 211 320 1257 3423">
    <p class='ocr_par' dir='ltr' id='par_1_2' title="bbox 242 320 1194 727">
     <span class='ocr_line' id='line_1_2' title="bbox 242 320 1190 399; baseline -0.008 -13"><span class='ocrx_word' id='word_1_2' title='bbox 242 327 301 386; x_wconf 80' lang='lat' dir='ltr'>loto</span> <span class='ocrx_word' id='word_1_3' title='bbox 323 335 377 386; x_wconf 85' lang='lat' dir='ltr'>stc.</span> <span class='ocrx_word' id='word_1_4' title='bbox 396 321 485 382; x_wconf 82' lang='lat' dir='ltr'>Addit</span> <span class='ocrx_word' id='word_1_5' title='bbox 508 322 538 383; x_wconf 87' lang='lat' dir='ltr'>S.</span> <span class='ocrx_word' id='word_1_6' title='bbox 557 321 684 384; x_wconf 81' lang='lat' dir='ltr'>Carolus</span> <span class='ocrx_word' id='word_1_7' title='bbox 706 339 795 384; x_wconf 88' lang='lat' dir='ltr'>cereo</span> <span class='ocrx_word' id='word_1_8' title='bbox 809 322 926 383; x_wconf 88' lang='lat' dir='ltr'>ardenti</span> <span class='ocrx_word' id='word_1_9' title='bbox 949 320 1109 399; x_wconf 86' lang='lat' dir='ltr'>significari</span> <span class='ocrx_word' id='word_1_10' title='bbox 1130 326 1190 380; x_wconf 91' lang='lat' dir='ltr'>tres</span> 
     </span>
     <span class='ocr_line' id='line_1_3' title="bbox 242 400 1192 482; baseline -0.006 -18"><span class='ocrx_word' id='word_1_11' title='bbox 242 407 367 466; x_wconf 81' lang='lat' dir='ltr'>virtutes</span> <span class='ocrx_word' id='word_1_12' title='bbox 381 405 592 482; x_wconf 75' lang='lat' dir='ltr'>theologicas,</span> <span class='ocrx_word' id='word_1_13' title='bbox 616 423 694 481; x_wconf 87' lang='lat' dir='ltr'>quac</span> <span class='ocrx_word' id='word_1_14' title='bbox 709 405 739 464; x_wconf 92' lang='lat' dir='ltr'>in</span> <span class='ocrx_word' id='word_1_15' title='bbox 754 403 907 481; x_wconf 79' lang='lat' dir='ltr'>baptismo</span> <span class='ocrx_word' id='word_1_16' title='bbox 928 403 1135 470; x_wconf 85' lang='lat' dir='ltr'>intunduntur,</span> <span class='ocrx_word' id='word_1_17' title='bbox 1158 400 1192 458; x_wconf 81' lang='lat' dir='ltr'>lr-</span> 
     </span>
     <span class='ocr_line' id='line_1_4' title="bbox 242 483 1190 564; baseline -0.009 -16"><span class='ocrx_word' id='word_1_18' title='bbox 242 489 311 548; x_wconf 86' lang='lat' dir='ltr'>dem</span> <span class='ocrx_word' id='word_1_19' title='bbox 344 487 374 546; x_wconf 91' lang='lat' dir='ltr'>in</span> <span class='ocrx_word' id='word_1_20' title='bbox 396 488 532 557; x_wconf 89' lang='lat' dir='ltr'>lumine,</span> <span class='ocrx_word' id='word_1_21' title='bbox 554 487 714 548; x_wconf 51' lang='lat' dir='ltr'>¹caritatem</span> <span class='ocrx_word' id='word_1_22' title='bbox 736 487 765 546; x_wconf 93' lang='lat' dir='ltr'>in</span> <span class='ocrx_word' id='word_1_23' title='bbox 788 485 913 553; x_wconf 86' lang='lat' dir='ltr'>calore,</span> <span class='ocrx_word' id='word_1_24' title='bbox 936 503 1023 564; x_wconf 90' lang='lat' dir='ltr'>spem</span> <span class='ocrx_word' id='word_1_25' title='bbox 1058 487 1090 544; x_wconf 93' lang='lat' dir='ltr'>in</span> <span class='ocrx_word' id='word_1_26' title='bbox 1109 483 1190 544; x_wconf 89' lang='lat' dir='ltr'>cerei</span> 
     </span>
     <span class='ocr_line' id='line_1_5' title="bbox 243 568 1194 647; baseline -0.008 -17"><span class='ocrx_word' id='word_1_27' title='bbox 243 577 324 632; x_wconf 88' lang='lat' dir='ltr'>recta</span> <span class='ocrx_word' id='word_1_28' title='bbox 346 569 512 639; x_wconf 78' lang='lat' dir='ltr'>altitudine,</span> <span class='ocrx_word' id='word_1_29' title='bbox 531 586 609 644; x_wconf 87' lang='lat' dir='ltr'>quae</span> <span class='ocrx_word' id='word_1_30' title='bbox 631 587 752 629; x_wconf 86' lang='lat' dir='ltr'>sursum</span> <span class='ocrx_word' id='word_1_31' title='bbox 773 568 930 637; x_wconf 81' lang='lat' dir='ltr'>ascendit,</span> <span class='ocrx_word' id='word_1_32' title='bbox 952 572 987 628; x_wconf 92' lang='lat' dir='ltr'>ut</span> <span class='ocrx_word' id='word_1_33' title='bbox 1006 585 1076 647; x_wconf 89' lang='lat' dir='ltr'>spes</span> <span class='ocrx_word' id='word_1_34' title='bbox 1094 572 1194 626; x_wconf 83' lang='lat' dir='ltr'>nostra</span> 
     </span>
     <span class='ocr_line' id='line_1_6' title="bbox 242 651 906 727; baseline -0.008 -14"><span class='ocrx_word' id='word_1_35' title='bbox 242 653 278 713; x_wconf 88' lang='lat' dir='ltr'>ad</span> <span class='ocrx_word' id='word_1_36' title='bbox 301 653 401 713; x_wconf 89' lang='lat' dir='ltr'>coelos</span> <span class='ocrx_word' id='word_1_37' title='bbox 423 669 518 727; x_wconf 86' lang='lat' dir='ltr'>nsque</span> <span class='ocrx_word' id='word_1_38' title='bbox 540 651 690 711; x_wconf 74' lang='lat' dir='ltr'>excitetur</span> <span class='ocrx_word' id='word_1_39' title='bbox 709 657 741 712; x_wconf 91' lang='lat' dir='ltr'>et</span> <span class='ocrx_word' id='word_1_40' title='bbox 762 651 906 726; x_wconf 79' lang='lat' dir='ltr'>erigatur.</span> 
     </span>
    </p>

    <p class='ocr_par' dir='ltr' id='par_1_3' title="bbox 211 730 1257 3423">
     <span class='ocr_line' id='line_1_7' title="bbox 282 730 1193 808; baseline -0.007 -14"><span class='ocrx_word' id='word_1_41' title='bbox 282 733 367 795; x_wconf 86' lang='lat' dir='ltr'>xlll.</span> <span class='ocrx_word' id='word_1_42' title='bbox 392 732 448 793; x_wconf 86' lang='lat' dir='ltr'>llis</span> <span class='ocrx_word' id='word_1_43' title='bbox 469 750 546 808; x_wconf 86' lang='lat' dir='ltr'>quae</span> <span class='ocrx_word' id='word_1_44' title='bbox 570 732 728 793; x_wconf 79' lang='lat' dir='ltr'>retulimus</span> <span class='ocrx_word' id='word_1_45' title='bbox 750 732 894 792; x_wconf 70' lang='lat' dir='ltr'>bacttrus</span> <span class='ocrx_word' id='word_1_46' title='bbox 917 731 1061 808; x_wconf 78' lang='lat' dir='ltr'>peractis,</span> <span class='ocrx_word' id='word_1_47' title='bbox 1086 730 1193 790; x_wconf 88' lang='lat' dir='ltr'>confir·</span> 
     </span>
     <span class='ocr_line' id='line_1_8' title="bbox 244 810 1197 891; baseline -0.008 -14"><span class='ocrx_word' id='word_1_48' title='bbox 244 817 404 877; x_wconf 76' lang='lat' dir='ltr'>mabuntur</span> <span class='ocrx_word' id='word_1_49' title='bbox 426 831 531 874; x_wconf 86' lang='lat' dir='ltr'>roccus</span> <span class='ocrx_word' id='word_1_50' title='bbox 559 814 706 891; x_wconf 87' lang='lat' dir='ltr'>baptizati,</span> <span class='ocrx_word' id='word_1_51' title='bbox 731 831 767 875; x_wconf 88' lang='lat' dir='ltr'>ac</span> <span class='ocrx_word' id='word_1_52' title='bbox 787 813 983 874; x_wconf 88' lang='lat' dir='ltr'>sacrosanctis</span> <span class='ocrx_word' id='word_1_53' title='bbox 1003 810 1144 889; x_wconf 84' lang='lat' dir='ltr'>Corporis</span> <span class='ocrx_word' id='word_1_54' title='bbox 1164 817 1197 871; x_wconf 91' lang='lat' dir='ltr'>et</span> 
     </span>
     <span class='ocr_line' id='line_1_9' title="bbox 243 895 1196 975; baseline -0.009 -15"><span class='ocrx_word' id='word_1_55' title='bbox 243 897 401 975; x_wconf 80' lang='lat' dir='ltr'>Sanguinis</span> <span class='ocrx_word' id='word_1_56' title='bbox 422 896 533 956; x_wconf 87' lang='lat' dir='ltr'>Christi</span> <span class='ocrx_word' id='word_1_57' title='bbox 557 897 709 974; x_wconf 85' lang='lat' dir='ltr'>mysteriis</span> <span class='ocrx_word' id='word_1_58' title='bbox 731 895 965 965; x_wconf 86' lang='lat' dir='ltr'>reficiebantur,</span> <span class='ocrx_word' id='word_1_59' title='bbox 993 899 1027 953; x_wconf 93' lang='lat' dir='ltr'>ut</span> <span class='ocrx_word' id='word_1_60' title='bbox 1048 900 1196 955; x_wconf 89' lang='lat' dir='ltr'>testantur·</span> 
     </span>
     <span class='ocr_line' id='line_1_10' title="bbox 243 974 1192 1055; baseline -0.005 -16"><span class='ocrx_word' id='word_1_61' title='bbox 243 980 325 1040; x_wconf 87' lang='lat' dir='ltr'>Libri</span> <span class='ocrx_word' id='word_1_62' title='bbox 355 976 489 1038; x_wconf 84' lang='lat' dir='ltr'>Rituales</span> <span class='ocrx_word' id='word_1_63' title='bbox 517 995 592 1055; x_wconf 89' lang='lat' dir='ltr'>pone</span> <span class='ocrx_word' id='word_1_64' title='bbox 619 995 735 1038; x_wconf 92' lang='lat' dir='ltr'>omnes.</span> <span class='ocrx_word' id='word_1_65' title='bbox 761 977 804 1037; x_wconf 85' lang='lat' dir='ltr'>De</span> <span class='ocrx_word' id='word_1_66' title='bbox 831 974 1064 1037; x_wconf 85' lang='lat' dir='ltr'>Confirmatione</span> <span class='ocrx_word' id='word_1_67' title='bbox 1091 977 1192 1035; x_wconf 89' lang='lat' dir='ltr'>statim</span> 
     </span>
     <span class='ocr_line' id='line_1_11' title="bbox 242 1057 1192 1137; baseline -0.004 -17"><span class='ocrx_word' id='word_1_68' title='bbox 242 1067 308 1137; x_wconf 92' lang='lat' dir='ltr'>post</span> <span class='ocrx_word' id='word_1_69' title='bbox 322 1060 507 1136; x_wconf 88' lang='lat' dir='ltr'>Baptismum</span> <span class='ocrx_word' id='word_1_70' title='bbox 531 1058 711 1120; x_wconf 84' lang='lat' dir='ltr'>conterenda</span> <span class='ocrx_word' id='word_1_71' title='bbox 732 1061 869 1135; x_wconf 87' lang='lat' dir='ltr'>sequenti</span> <span class='ocrx_word' id='word_1_72' title='bbox 884 1059 982 1136; x_wconf 88' lang='lat' dir='ltr'>capito</span> <span class='ocrx_word' id='word_1_73' title='bbox 1005 1057 1192 1118; x_wconf 87' lang='lat' dir='ltr'>commodior</span> 
     </span>
     <span class='ocr_line' id='line_1_12' title="bbox 243 1138 1196 1217; baseline -0.007 -13"><span class='ocrx_word' id='word_1_74' title='bbox 243 1143 301 1204; x_wconf 87' lang='lat' dir='ltr'>erit</span> <span class='ocrx_word' id='word_1_75' title='bbox 327 1142 475 1202; x_wconf 90' lang='lat' dir='ltr'>tractatio.</span> <span class='ocrx_word' id='word_1_76' title='bbox 501 1140 545 1200; x_wconf 87' lang='lat' dir='ltr'>De</span> <span class='ocrx_word' id='word_1_77' title='bbox 566 1138 757 1202; x_wconf 89' lang='lat' dir='ltr'>Eucharistia</span> <span class='ocrx_word' id='word_1_78' title='bbox 786 1159 859 1202; x_wconf 84' lang='lat' dir='ltr'>vero</span> <span class='ocrx_word' id='word_1_79' title='bbox 886 1138 1056 1217; x_wconf 77' lang='lat' dir='ltr'>Neophytis</span> <span class='ocrx_word' id='word_1_80' title='bbox 1086 1143 1196 1216; x_wconf 88' lang='lat' dir='ltr'>imper-</span> 
     </span>
     <span class='ocr_line' id='line_1_13' title="bbox 238 1220 1195 1301; baseline -0.005 -17"><span class='ocrx_word' id='word_1_81' title='bbox 238 1225 354 1294; x_wconf 86' lang='lat' dir='ltr'>tienda,</span> <span class='ocrx_word' id='word_1_82' title='bbox 378 1223 450 1301; x_wconf 88' lang='lat' dir='ltr'>quid</span> <span class='ocrx_word' id='word_1_83' title='bbox 472 1222 581 1283; x_wconf 90' lang='lat' dir='ltr'>doceat</span> <span class='ocrx_word' id='word_1_84' title='bbox 601 1224 724 1300; x_wconf 88' lang='lat' dir='ltr'>antiqua</span> <span class='ocrx_word' id='word_1_85' title='bbox 739 1221 893 1284; x_wconf 88' lang='lat' dir='ltr'>Ecclesiae</span> <span class='ocrx_word' id='word_1_86' title='bbox 914 1220 1068 1298; x_wconf 89' lang='lat' dir='ltr'>disciplina</span> <span class='ocrx_word' id='word_1_87' title='bbox 1090 1223 1195 1298; x_wconf 88' lang='lat' dir='ltr'>paucis</span> 
     </span>
     <span class='ocr_line' id='line_1_14' title="bbox 246 1300 1195 1383; baseline -0.004 -19"><span class='ocrx_word' id='word_1_88' title='bbox 246 1305 484 1383; x_wconf 89' lang='lat' dir='ltr'>investigandum</span> <span class='ocrx_word' id='word_1_89' title='bbox 505 1313 561 1364; x_wconf 90' lang='lat' dir='ltr'>est.</span> <span class='ocrx_word' id='word_1_90' title='bbox 579 1305 683 1380; x_wconf 89' lang='lat' dir='ltr'>ltaque</span> <span class='ocrx_word' id='word_1_91' title='bbox 705 1306 805 1365; x_wconf 89' lang='lat' dir='ltr'>datam</span> <span class='ocrx_word' id='word_1_92' title='bbox 822 1306 895 1364; x_wconf 91' lang='lat' dir='ltr'>olim</span> <span class='ocrx_word' id='word_1_93' title='bbox 919 1304 1012 1365; x_wconf 87' lang='lat' dir='ltr'>luisse</span> <span class='ocrx_word' id='word_1_94' title='bbox 1027 1300 1195 1381; x_wconf 79' lang='lat' dir='ltr'>Neophytis</span> 
     </span>
     <span class='ocr_line' id='line_1_15' title="bbox 245 1384 1196 1472; baseline -0.007 -22"><span class='ocrx_word' id='word_1_95' title='bbox 245 1395 310 1466; x_wconf 92' lang='lat' dir='ltr'>post</span> <span class='ocrx_word' id='word_1_96' title='bbox 331 1388 519 1472; x_wconf 86' lang='lat' dir='ltr'>Baptismum</span> <span class='ocrx_word' id='word_1_97' title='bbox 542 1384 775 1456; x_wconf 89' lang='lat' dir='ltr'>Eucharistiam,</span> <span class='ocrx_word' id='word_1_98' title='bbox 800 1405 837 1447; x_wconf 86' lang='lat' dir='ltr'>ex</span> <span class='ocrx_word' id='word_1_99' title='bbox 851 1385 976 1448; x_wconf 88' lang='lat' dir='ltr'>Graecis</span> <span class='ocrx_word' id='word_1_100' title='bbox 990 1385 1127 1444; x_wconf 86' lang='lat' dir='ltr'>Patribus</span> <span class='ocrx_word' id='word_1_101' title='bbox 1149 1403 1196 1443; x_wconf 86' lang='lat' dir='ltr'>sa-</span> 
     </span>
     <span class='ocr_line' id='line_1_16' title="bbox 238 1466 1193 1547; baseline -0.006 -16"><span class='ocrx_word' id='word_1_102' title='bbox 238 1471 281 1531; x_wconf 92' lang='lat' dir='ltr'>·tis</span> <span class='ocrx_word' id='word_1_103' title='bbox 302 1471 398 1532; x_wconf 89' lang='lat' dir='ltr'>innuit</span> <span class='ocrx_word' id='word_1_104' title='bbox 419 1468 450 1530; x_wconf 84' lang='lat' dir='ltr'>S.</span> <span class='ocrx_word' id='word_1_105' title='bbox 473 1468 608 1530; x_wconf 79' lang='lat' dir='ltr'>lustinus</span> <span class='ocrx_word' id='word_1_106' title='bbox 629 1469 659 1526; x_wconf 90' lang='lat' dir='ltr'>in</span> <span class='ocrx_word' id='word_1_107' title='bbox 681 1470 826 1547; x_wconf 79' lang='lat' dir='ltr'>Apologia</span> <span class='ocrx_word' id='word_1_108' title='bbox 848 1468 994 1537; x_wconf 89' lang='lat' dir='ltr'>secunda,</span> <span class='ocrx_word' id='word_1_109' title='bbox 1011 1467 1061 1527; x_wconf 91' lang='lat' dir='ltr'>ubi</span> <span class='ocrx_word' id='word_1_110' title='bbox 1076 1466 1193 1534; x_wconf 84' lang='lat' dir='ltr'>scribit,</span> 
     </span>
     <span class='ocr_line' id='line_1_17' title="bbox 243 1546 1257 1629; baseline -0.008 -15"><span class='ocrx_word' id='word_1_111' title='bbox 243 1554 394 1614; x_wconf 87' lang='lat' dir='ltr'>celebrato</span> <span class='ocrx_word' id='word_1_112' title='bbox 410 1551 581 1627; x_wconf 88' lang='lat' dir='ltr'>Baptismo,</span> <span class='ocrx_word' id='word_1_113' title='bbox 598 1549 698 1610; x_wconf 90' lang='lat' dir='ltr'>divina</span> <span class='ocrx_word' id='word_1_114' title='bbox 713 1551 859 1629; x_wconf 77' lang='lat' dir='ltr'>mysteria</span> <span class='ocrx_word' id='word_1_115' title='bbox 872 1549 1014 1626; x_wconf 86' lang='lat' dir='ltr'>Corporis</span> <span class='ocrx_word' id='word_1_116' title='bbox 1027 1555 1058 1609; x_wconf 91' lang='lat' dir='ltr'>et</span> <span class='ocrx_word' id='word_1_117' title='bbox 1073 1546 1197 1625; x_wconf 87' lang='lat' dir='ltr'>Sangui·</span> <span class='ocrx_word' id='word_1_118' title='bbox 1256 1570 1257 1579; x_wconf 49' lang='lat'>¹</span> 
     </span>
     <span class='ocr_line' id='line_1_18' title="bbox 245 1629 1194 1699; baseline -0.007 -6"><span class='ocrx_word' id='word_1_119' title='bbox 245 1636 289 1694; x_wconf 89' lang='lat' dir='ltr'>nis</span> <span class='ocrx_word' id='word_1_120' title='bbox 312 1634 423 1694; x_wconf 89' lang='lat' dir='ltr'>Christi</span> <span class='ocrx_word' id='word_1_121' title='bbox 445 1629 573 1699; x_wconf 86' lang='lat' dir='ltr'>confici,</span> <span class='ocrx_word' id='word_1_122' title='bbox 601 1635 632 1689; x_wconf 92' lang='lat' dir='ltr'>et</span> <span class='ocrx_word' id='word_1_123' title='bbox 655 1650 759 1692; x_wconf 91' lang='lat' dir='ltr'>omnes</span> <span class='ocrx_word' id='word_1_124' title='bbox 786 1632 937 1693; x_wconf 85' lang='lat' dir='ltr'>adstantes</span> <span class='ocrx_word' id='word_1_125' title='bbox 959 1631 1194 1690; x_wconf 90' lang='lat' dir='ltr'>communicare.</span> 
     </span>
     <span class='ocr_line' id='line_1_19' title="bbox 243 1709 1197 1790; baseline -0.008 -14"><span class='ocrx_word' id='word_1_126' title='bbox 243 1716 358 1776; x_wconf 87' lang='lat' dir='ltr'>Clarius</span> <span class='ocrx_word' id='word_1_127' title='bbox 380 1713 411 1774; x_wconf 89' lang='lat' dir='ltr'>S.</span> <span class='ocrx_word' id='word_1_128' title='bbox 435 1713 565 1774; x_wconf 84' lang='lat' dir='ltr'>loannes</span> <span class='ocrx_word' id='word_1_129' title='bbox 586 1711 822 1790; x_wconf 80' lang='lat' dir='ltr'>Cbrysostomns</span> <span class='ocrx_word' id='word_1_130' title='bbox 848 1715 877 1772; x_wconf 95' lang='lat' dir='ltr'>in</span> <span class='ocrx_word' id='word_1_131' title='bbox 899 1710 1036 1772; x_wconf 80' lang='lat' dir='ltr'>Homilin</span> <span class='ocrx_word' id='word_1_132' title='bbox 1058 1710 1099 1770; x_wconf 86' lang='lat' dir='ltr'>od</span> <span class='ocrx_word' id='word_1_133' title='bbox 1120 1709 1197 1772; x_wconf 86' lang='lat' dir='ltr'>Noo-</span> 
     </span>
     <span class='ocr_line' id='line_1_20' title="bbox 240 1793 1196 1877; baseline -0.004 -22"><span class='ocrx_word' id='word_1_134' title='bbox 240 1797 359 1877; x_wconf 81' lang='lat' dir='ltr'>plrystor</span> <span class='ocrx_word' id='word_1_135' title='bbox 381 1797 460 1874; x_wconf 90' lang='lat' dir='ltr'>ipsos</span> <span class='ocrx_word' id='word_1_136' title='bbox 481 1797 524 1855; x_wconf 92' lang='lat' dir='ltr'>sic</span> <span class='ocrx_word' id='word_1_137' title='bbox 540 1811 609 1854; x_wconf 89' lang='lat' dir='ltr'>eum</span> <span class='ocrx_word' id='word_1_138' title='bbox 630 1795 722 1855; x_wconf 91' lang='lat' dir='ltr'>ritum</span> <span class='ocrx_word' id='word_1_139' title='bbox 737 1795 887 1872; x_wconf 89' lang='lat' dir='ltr'>explicat:</span> <span class='ocrx_word' id='word_1_140' title='bbox 911 1795 996 1856; x_wconf 79' lang='lat' dir='ltr'>Sicut</span> <span class='ocrx_word' id='word_1_141' title='bbox 1012 1793 1132 1860; x_wconf 75' lang='lat' dir='ltr'>mutter,</span> <span class='ocrx_word' id='word_1_142' title='bbox 1150 1795 1196 1871; x_wconf 74' lang='lat' dir='ltr'>os-</span> 
     </span>
     <span class='ocr_line' id='line_1_21' title="bbox 241 1873 1198 1956; baseline -0.004 -20"><span class='ocrx_word' id='word_1_143' title='bbox 241 1878 377 1955; x_wconf 81' lang='lat' dir='ltr'>sectionis</span> <span class='ocrx_word' id='word_1_144' title='bbox 397 1888 511 1937; x_wconf 85' lang='lat' dir='ltr'>notura</span> <span class='ocrx_word' id='word_1_145' title='bbox 533 1885 649 1956; x_wconf 78' lang='lat' dir='ltr'>ugente,</span> <span class='ocrx_word' id='word_1_146' title='bbox 666 1879 800 1954; x_wconf 76' lang='lat' dir='ltr'>penitam</span> <span class='ocrx_word' id='word_1_147' title='bbox 821 1879 899 1937; x_wconf 81' lang='lat' dir='ltr'>olere</span> <span class='ocrx_word' id='word_1_148' title='bbox 914 1877 963 1935; x_wconf 80' lang='lat' dir='ltr'>sut</span> <span class='ocrx_word' id='word_1_149' title='bbox 977 1875 1065 1936; x_wconf 76' lang='lat' dir='ltr'>locria</span> <span class='ocrx_word' id='word_1_150' title='bbox 1078 1873 1198 1950; x_wconf 76' lang='lat' dir='ltr'>foecun-</span> 
     </span>
     <span class='ocr_line' id='line_1_22' title="bbox 244 1957 1193 2037; baseline -0.003 -19"><span class='ocrx_word' id='word_1_151' title='bbox 244 1959 337 2020; x_wconf 78' lang='lat' dir='ltr'>ditate</span> <span class='ocrx_word' id='word_1_152' title='bbox 359 1959 492 2037; x_wconf 72' lang='lat' dir='ltr'>festinat,</span> <span class='ocrx_word' id='word_1_153' title='bbox 508 1959 549 2018; x_wconf 82' lang='lat' dir='ltr'>sic</span> <span class='ocrx_word' id='word_1_154' title='bbox 571 1967 597 2016; x_wconf 87' lang='lat' dir='ltr'>ct</span> <span class='ocrx_word' id='word_1_155' title='bbox 615 1957 762 2029; x_wconf 74' lang='lat' dir='ltr'>Christus,</span> <span class='ocrx_word' id='word_1_156' title='bbox 781 1976 854 2036; x_wconf 79' lang='lat' dir='ltr'>quos</span> <span class='ocrx_word' id='word_1_157' title='bbox 873 1959 936 2036; x_wconf 83' lang='lat' dir='ltr'>ipsc</span> <span class='ocrx_word' id='word_1_158' title='bbox 957 1965 1122 2034; x_wconf 78' lang='lat' dir='ltr'>reponeret,</span> <span class='ocrx_word' id='word_1_159' title='bbox 1140 1974 1193 2017; x_wconf 86' lang='lat' dir='ltr'>suo</span> 
     </span>
     <span class='ocr_line' id='line_1_23' title="bbox 236 2035 1194 2119; baseline -0.006 -17"><span class='ocrx_word' id='word_1_160' title='bbox 236 2041 387 2119; x_wconf 79' lang='lat' dir='ltr'>sauguine</span> <span class='ocrx_word' id='word_1_161' title='bbox 413 2041 539 2102; x_wconf 79' lang='lat' dir='ltr'>enutrit.</span> <span class='ocrx_word' id='word_1_162' title='bbox 564 2037 604 2098; x_wconf 90' lang='lat' dir='ltr'>Et</span> <span class='ocrx_word' id='word_1_163' title='bbox 631 2039 663 2100; x_wconf 89' lang='lat' dir='ltr'>S.</span> <span class='ocrx_word' id='word_1_164' title='bbox 687 2039 856 2118; x_wconf 79' lang='lat' dir='ltr'>Cyprianus</span> <span class='ocrx_word' id='word_1_165' title='bbox 882 2041 913 2097; x_wconf 90' lang='lat' dir='ltr'>in</span> <span class='ocrx_word' id='word_1_166' title='bbox 936 2035 1069 2116; x_wconf 79' lang='lat' dir='ltr'>Epistola</span> <span class='ocrx_word' id='word_1_167' title='bbox 1091 2035 1194 2099; x_wconf 85' lang='lat' dir='ltr'>Lxlll</span> 
     </span>
     <span class='ocr_line' id='line_1_24' title="bbox 243 2117 1196 2198; baseline -0.007 -14"><span class='ocrx_word' id='word_1_168' title='bbox 243 2124 279 2184; x_wconf 93' lang='lat' dir='ltr'>ad</span> <span class='ocrx_word' id='word_1_169' title='bbox 302 2121 466 2184; x_wconf 85' lang='lat' dir='ltr'>Coscilium</span> <span class='ocrx_word' id='word_1_170' title='bbox 488 2123 529 2181; x_wconf 90' lang='lat' dir='ltr'>ita</span> <span class='ocrx_word' id='word_1_171' title='bbox 550 2118 618 2197; x_wconf 84' lang='lat' dir='ltr'>ejus</span> <span class='ocrx_word' id='word_1_172' title='bbox 641 2121 717 2182; x_wconf 91' lang='lat' dir='ltr'>ritus</span> <span class='ocrx_word' id='word_1_173' title='bbox 739 2120 900 2181; x_wconf 90' lang='lat' dir='ltr'>meminit:</span> <span class='ocrx_word' id='word_1_174' title='bbox 926 2118 984 2180; x_wconf 81' lang='lat' dir='ltr'>Per</span> <span class='ocrx_word' id='word_1_175' title='bbox 1005 2117 1196 2198; x_wconf 77' lang='lat' dir='ltr'>Baptismurn</span> 
     </span>
     <span class='ocr_line' id='line_1_25' title="bbox 243 2199 1198 2285; baseline -0.003 -23"><span class='ocrx_word' id='word_1_176' title='bbox 243 2205 376 2285; x_wconf 57' lang='lat' dir='ltr'>Spiritus</span> <span class='ocrx_word' id='word_1_177' title='bbox 390 2205 519 2266; x_wconf 78' lang='lat' dir='ltr'>Souctrm</span> <span class='ocrx_word' id='word_1_178' title='bbox 541 2201 701 2280; x_wconf 79' lang='lat' dir='ltr'>accipitur,</span> <span class='ocrx_word' id='word_1_179' title='bbox 719 2212 748 2264; x_wconf 85' lang='lat' dir='ltr'>ct</span> <span class='ocrx_word' id='word_1_180' title='bbox 768 2205 811 2262; x_wconf 79' lang='lat' dir='ltr'>sic</span> <span class='ocrx_word' id='word_1_181' title='bbox 832 2220 852 2260; x_wconf 87' lang='lat' dir='ltr'>o</span> <span class='ocrx_word' id='word_1_182' title='bbox 873 2201 1035 2282; x_wconf 81' lang='lat' dir='ltr'>baptizatis</span> <span class='ocrx_word' id='word_1_183' title='bbox 1049 2199 1198 2280; x_wconf 64' lang='lat' dir='ltr'>Spiritum</span> 
     </span>
     <span class='ocr_line' id='line_1_26' title="bbox 243 2281 1193 2361; baseline -0.007 -13"><span class='ocrx_word' id='word_1_184' title='bbox 243 2287 388 2348; x_wconf 67' lang='lat' dir='ltr'>mucram</span> <span class='ocrx_word' id='word_1_185' title='bbox 409 2285 574 2361; x_wconf 74' lang='lat' dir='ltr'>coaequatis</span> <span class='ocrx_word' id='word_1_186' title='bbox 602 2281 644 2341; x_wconf 87' lang='lat' dir='ltr'>cd</span> <span class='ocrx_word' id='word_1_187' title='bbox 669 2283 825 2345; x_wconf 64' lang='lat' dir='ltr'>bbendum</span> <span class='ocrx_word' id='word_1_188' title='bbox 849 2282 983 2344; x_wconf 81' lang='lat' dir='ltr'>Calicem</span> <span class='ocrx_word' id='word_1_189' title='bbox 1007 2281 1193 2361; x_wconf 82' lang='lat' dir='ltr'>peruenitur.</span> 
     </span>
     <span class='ocr_line' id='line_1_27' title="bbox 243 2361 1196 2440; baseline -0.005 -13"><span class='ocrx_word' id='word_1_190' title='bbox 243 2366 312 2429; x_wconf 87' lang='lat' dir='ltr'>Huc</span> <span class='ocrx_word' id='word_1_191' title='bbox 334 2368 424 2427; x_wconf 87' lang='lat' dir='ltr'>ctiam</span> <span class='ocrx_word' id='word_1_192' title='bbox 449 2364 557 2425; x_wconf 83' lang='lat' dir='ltr'>reterri</span> <span class='ocrx_word' id='word_1_193' title='bbox 581 2368 678 2440; x_wconf 89' lang='lat' dir='ltr'>potest</span> <span class='ocrx_word' id='word_1_194' title='bbox 700 2366 779 2440; x_wconf 92' lang='lat' dir='ltr'>quod</span> <span class='ocrx_word' id='word_1_195' title='bbox 794 2365 899 2424; x_wconf 86' lang='lat' dir='ltr'>scribit</span> <span class='ocrx_word' id='word_1_196' title='bbox 914 2365 1003 2425; x_wconf 88' lang='lat' dir='ltr'>Liber</span> <span class='ocrx_word' id='word_1_197' title='bbox 1017 2361 1196 2424; x_wconf 82' lang='lat' dir='ltr'>Pontificalis</span> 
     </span>
     <span class='ocr_line' id='line_1_28' title="bbox 243 2444 1195 2524; baseline -0.004 -16"><span class='ocrx_word' id='word_1_198' title='bbox 243 2451 279 2509; x_wconf 91' lang='lat' dir='ltr'>de</span> <span class='ocrx_word' id='word_1_199' title='bbox 295 2447 467 2508; x_wconf 90' lang='lat' dir='ltr'>innocentio</span> <span class='ocrx_word' id='word_1_200' title='bbox 482 2446 507 2514; x_wconf 90' lang='lat'>1,</span> <span class='ocrx_word' id='word_1_201' title='bbox 533 2445 618 2506; x_wconf 91' lang='lat' dir='ltr'>illum</span> <span class='ocrx_word' id='word_1_202' title='bbox 640 2446 756 2506; x_wconf 89' lang='lat' dir='ltr'>scilicet</span> <span class='ocrx_word' id='word_1_203' title='bbox 777 2447 883 2508; x_wconf 85' lang='lat' dir='ltr'>secisse</span> <span class='ocrx_word' id='word_1_204' title='bbox 904 2444 1019 2506; x_wconf 84' lang='lat' dir='ltr'>Calices</span> <span class='ocrx_word' id='word_1_205' title='bbox 1040 2449 1195 2524; x_wconf 87' lang='lat' dir='ltr'>argenteos</span> 
     </span>
     <span class='ocr_line' id='line_1_29' title="bbox 243 2526 1192 2606; baseline -0.004 -18"><span class='ocrx_word' id='word_1_206' title='bbox 243 2529 387 2606; x_wconf 88' lang='lat' dir='ltr'>Baptismi</span> <span class='ocrx_word' id='word_1_207' title='bbox 410 2545 536 2588; x_wconf 90' lang='lat' dir='ltr'>numero</span> <span class='ocrx_word' id='word_1_208' title='bbox 559 2531 636 2590; x_wconf 77' lang='lat' dir='ltr'>tres,</span> <span class='ocrx_word' id='word_1_209' title='bbox 663 2535 817 2604; x_wconf 76' lang='lat' dir='ltr'>pertractes</span> <span class='ocrx_word' id='word_1_210' title='bbox 839 2528 973 2604; x_wconf 90' lang='lat' dir='ltr'>singulos</span> <span class='ocrx_word' id='word_1_211' title='bbox 994 2527 1085 2587; x_wconf 86' lang='lat' dir='ltr'>libras</span> <span class='ocrx_word' id='word_1_212' title='bbox 1106 2526 1192 2586; x_wconf 91' lang='lat' dir='ltr'>duas.</span> 
     </span>
     <span class='ocr_line' id='line_1_30' title="bbox 242 2608 1196 2688; baseline 0 -18"><span class='ocrx_word' id='word_1_213' title='bbox 242 2609 347 2687; x_wconf 88' lang='lat' dir='ltr'>Neque</span> <span class='ocrx_word' id='word_1_214' title='bbox 363 2629 436 2672; x_wconf 88' lang='lat' dir='ltr'>vero</span> <span class='ocrx_word' id='word_1_215' title='bbox 458 2608 692 2671; x_wconf 84' lang='lat' dir='ltr'>existimandum</span> <span class='ocrx_word' id='word_1_216' title='bbox 707 2627 772 2671; x_wconf 87' lang='lat' dir='ltr'>esse</span> <span class='ocrx_word' id='word_1_217' title='bbox 795 2611 901 2688; x_wconf 91' lang='lat' dir='ltr'>primis</span> <span class='ocrx_word' id='word_1_218' title='bbox 921 2609 1077 2670; x_wconf 86' lang='lat' dir='ltr'>dumtaxat</span> <span class='ocrx_word' id='word_1_219' title='bbox 1090 2624 1196 2670; x_wconf 88' lang='lat' dir='ltr'>saecu-</span> 
     </span>
     <span class='ocr_line' id='line_1_31' title="bbox 211 2690 1194 2769; baseline -0.002 -17"><span class='ocrx_word' id='word_1_220' title='bbox 211 2717 213 2723; x_wconf 95' lang='lat'>·</span> <span class='ocrx_word' id='word_1_221' title='bbox 243 2693 279 2752; x_wconf 89' lang='lat' dir='ltr'>lis</span> <span class='ocrx_word' id='word_1_222' title='bbox 299 2710 369 2754; x_wconf 90' lang='lat' dir='ltr'>eam</span> <span class='ocrx_word' id='word_1_223' title='bbox 391 2695 421 2752; x_wconf 94' lang='lat' dir='ltr'>in</span> <span class='ocrx_word' id='word_1_224' title='bbox 443 2690 578 2754; x_wconf 82' lang='lat' dir='ltr'>Ecclesia</span> <span class='ocrx_word' id='word_1_225' title='bbox 600 2691 729 2768; x_wconf 85' lang='lat' dir='ltr'>viguisse</span> <span class='ocrx_word' id='word_1_226' title='bbox 751 2691 963 2769; x_wconf 89' lang='lat' dir='ltr'>disciplinam,</span> <span class='ocrx_word' id='word_1_227' title='bbox 996 2708 1097 2767; x_wconf 88' lang='lat' dir='ltr'>aqua</span> <span class='ocrx_word' id='word_1_228' title='bbox 1118 2696 1194 2767; x_wconf 90' lang='lat' dir='ltr'>post·</span> 
     </span>
     <span class='ocr_line' id='line_1_32' title="bbox 242 2770 1197 2836; baseline -0.003 -1"><span class='ocrx_word' id='word_1_229' title='bbox 242 2775 368 2836; x_wconf 93' lang='lat' dir='ltr'>modum</span> <span class='ocrx_word' id='word_1_230' title='bbox 389 2773 557 2835; x_wconf 84' lang='lat' dir='ltr'>deflexerit.</span> <span class='ocrx_word' id='word_1_231' title='bbox 580 2771 657 2832; x_wconf 89' lang='lat' dir='ltr'>Nam</span> <span class='ocrx_word' id='word_1_232' title='bbox 679 2773 759 2834; x_wconf 90' lang='lat' dir='ltr'>illius</span> <span class='ocrx_word' id='word_1_233' title='bbox 780 2775 947 2834; x_wconf 90' lang='lat' dir='ltr'>meminere</span> <span class='ocrx_word' id='word_1_234' title='bbox 969 2771 1054 2831; x_wconf 85' lang='lat' dir='ltr'>losse</span> <span class='ocrx_word' id='word_1_235' title='bbox 1073 2770 1197 2832; x_wconf 76' lang='lat' dir='ltr'>Ambia-</span> 
     </span>
     <span class='ocr_line' id='line_1_33' title="bbox 243 2852 1195 2932; baseline -0.003 -16"><span class='ocrx_word' id='word_1_236' title='bbox 243 2856 352 2927; x_wconf 90' lang='lat' dir='ltr'>nensis,</span> <span class='ocrx_word' id='word_1_237' title='bbox 370 2853 537 2918; x_wconf 88' lang='lat' dir='ltr'>Leidradus</span> <span class='ocrx_word' id='word_1_238' title='bbox 557 2853 777 2932; x_wconf 84' lang='lat' dir='ltr'>Lugdunensis,</span> <span class='ocrx_word' id='word_1_239' title='bbox 794 2855 980 2916; x_wconf 89' lang='lat' dir='ltr'>Theodullus</span> <span class='ocrx_word' id='word_1_240' title='bbox 1000 2852 1195 2914; x_wconf 82' lang='lat' dir='ltr'>Aurelianen-</span> 
     </span>
     <span class='ocr_line' id='line_1_34' title="bbox 242 2934 1195 3015; baseline -0.002 -17"><span class='ocrx_word' id='word_1_241' title='bbox 242 2940 293 3009; x_wconf 89' lang='lat' dir='ltr'>sis,</span> <span class='ocrx_word' id='word_1_242' title='bbox 312 2938 446 3000; x_wconf 83' lang='lat' dir='ltr'>Ricullns</span> <span class='ocrx_word' id='word_1_243' title='bbox 470 2936 693 3000; x_wconf 78' lang='lat' dir='ltr'>suessionensis</span> <span class='ocrx_word' id='word_1_244' title='bbox 707 2935 860 3015; x_wconf 86' lang='lat' dir='ltr'>Episcopi,</span> <span class='ocrx_word' id='word_1_245' title='bbox 884 2942 915 2997; x_wconf 90' lang='lat' dir='ltr'>et</span> <span class='ocrx_word' id='word_1_246' title='bbox 935 2934 985 2995; x_wconf 88' lang='lat' dir='ltr'>alii</span> <span class='ocrx_word' id='word_1_247' title='bbox 1008 2934 1111 3010; x_wconf 88' lang='lat' dir='ltr'>plnres</span> <span class='ocrx_word' id='word_1_248' title='bbox 1131 2953 1195 2996; x_wconf 87' lang='lat' dir='ltr'>sae-</span> 
     </span>
     <span class='ocr_line' id='line_1_35' title="bbox 238 3016 1195 3097; baseline -0.005 -17"><span class='ocrx_word' id='word_1_249' title='bbox 238 3021 301 3082; x_wconf 84' lang='lat' dir='ltr'>culi</span> <span class='ocrx_word' id='word_1_250' title='bbox 323 3022 392 3081; x_wconf 90' lang='lat' dir='ltr'>noni</span> <span class='ocrx_word' id='word_1_251' title='bbox 414 3018 592 3097; x_wconf 86' lang='lat' dir='ltr'>Scriptores.</span> <span class='ocrx_word' id='word_1_252' title='bbox 610 3016 677 3078; x_wconf 85' lang='lat' dir='ltr'>lam</span> <span class='ocrx_word' id='word_1_253' title='bbox 699 3037 773 3080; x_wconf 87' lang='lat' dir='ltr'>vero</span> <span class='ocrx_word' id='word_1_254' title='bbox 795 3025 829 3080; x_wconf 93' lang='lat' dir='ltr'>ut</span> <span class='ocrx_word' id='word_1_255' title='bbox 849 3019 991 3094; x_wconf 85' lang='lat' dir='ltr'>antiquus</span> <span class='ocrx_word' id='word_1_256' title='bbox 1013 3017 1089 3076; x_wconf 92' lang='lat' dir='ltr'>ritus</span> <span class='ocrx_word' id='word_1_257' title='bbox 1110 3019 1195 3077; x_wconf 93' lang='lat' dir='ltr'>lucu-</span> 
     </span>
     <span class='ocr_line' id='line_1_36' title="bbox 242 3098 1196 3178; baseline -0.008 -16"><span class='ocrx_word' id='word_1_258' title='bbox 242 3103 351 3164; x_wconf 88' lang='lat' dir='ltr'>lentius</span> <span class='ocrx_word' id='word_1_259' title='bbox 372 3101 558 3178; x_wconf 82' lang='lat' dir='ltr'>explicetur,</span> <span class='ocrx_word' id='word_1_260' title='bbox 582 3101 764 3176; x_wconf 86' lang='lat' dir='ltr'>quaeritur,</span> <span class='ocrx_word' id='word_1_261' title='bbox 789 3118 849 3177; x_wconf 88' lang='lat' dir='ltr'>qno</span> <span class='ocrx_word' id='word_1_262' title='bbox 873 3101 933 3160; x_wconf 90' lang='lat' dir='ltr'>ritu</span> <span class='ocrx_word' id='word_1_263' title='bbox 955 3098 1027 3156; x_wconf 91' lang='lat' dir='ltr'>olim</span> <span class='ocrx_word' id='word_1_264' title='bbox 1051 3098 1136 3174; x_wconf 91' lang='lat' dir='ltr'>pueri</span> <span class='ocrx_word' id='word_1_265' title='bbox 1166 3103 1196 3158; x_wconf 90' lang='lat' dir='ltr'>et</span> 
     </span>
     <span class='ocr_line' id='line_1_37' title="bbox 243 3180 1191 3261; baseline -0.007 -17"><span class='ocrx_word' id='word_1_266' title='bbox 243 3184 369 3244; x_wconf 83' lang='lat' dir='ltr'>intentes</span> <span class='ocrx_word' id='word_1_267' title='bbox 391 3181 639 3244; x_wconf 90' lang='lat' dir='ltr'>Communionem</span> <span class='ocrx_word' id='word_1_268' title='bbox 661 3183 863 3261; x_wconf 86' lang='lat' dir='ltr'>perciperent.</span> <span class='ocrx_word' id='word_1_269' title='bbox 880 3180 919 3242; x_wconf 93' lang='lat' dir='ltr'>Et</span> <span class='ocrx_word' id='word_1_270' title='bbox 939 3180 1062 3256; x_wconf 85' lang='lat' dir='ltr'>quidem</span> <span class='ocrx_word' id='word_1_271' title='bbox 1085 3181 1191 3256; x_wconf 89' lang='lat' dir='ltr'>primis</span> 
     </span>
     <span class='ocr_line' id='line_1_38' title="bbox 242 3261 1193 3343; baseline -0.005 -17"><span class='ocrx_word' id='word_1_272' title='bbox 242 3265 396 3326; x_wconf 89' lang='lat' dir='ltr'>Ecclesiae</span> <span class='ocrx_word' id='word_1_273' title='bbox 418 3264 544 3326; x_wconf 91' lang='lat' dir='ltr'>sacculis</span> <span class='ocrx_word' id='word_1_274' title='bbox 558 3263 689 3324; x_wconf 89' lang='lat' dir='ltr'>Calicem</span> <span class='ocrx_word' id='word_1_275' title='bbox 711 3266 845 3343; x_wconf 88' lang='lat' dir='ltr'>ipsorum</span> <span class='ocrx_word' id='word_1_276' title='bbox 867 3265 912 3324; x_wconf 88' lang='lat' dir='ltr'>ori</span> <span class='ocrx_word' id='word_1_277' title='bbox 933 3262 1089 3323; x_wconf 86' lang='lat' dir='ltr'>admotum</span> <span class='ocrx_word' id='word_1_278' title='bbox 1104 3261 1193 3330; x_wconf 87' lang='lat' dir='ltr'>luisse</span> 
     </span>
     <span class='ocr_line' id='line_1_39' title="bbox 243 3341 1189 3423; baseline -0.01 -16"><span class='ocrx_word' id='word_1_279' title='bbox 243 3351 370 3408; x_wconf 90' lang='lat' dir='ltr'>constat.</span> <span class='ocrx_word' id='word_1_280' title='bbox 389 3344 480 3408; x_wconf 86' lang='lat' dir='ltr'>Extat</span> <span class='ocrx_word' id='word_1_281' title='bbox 502 3345 616 3423; x_wconf 91' lang='lat' dir='ltr'>insigne</span> <span class='ocrx_word' id='word_1_282' title='bbox 639 3343 732 3422; x_wconf 86' lang='lat' dir='ltr'>hujus</span> <span class='ocrx_word' id='word_1_283' title='bbox 747 3346 821 3405; x_wconf 89' lang='lat' dir='ltr'>ritus</span> <span class='ocrx_word' id='word_1_284' title='bbox 839 3345 1043 3405; x_wconf 90' lang='lat' dir='ltr'>testimoninm</span> <span class='ocrx_word' id='word_1_285' title='bbox 1065 3343 1145 3418; x_wconf 88' lang='lat' dir='ltr'>apud</span> <span class='ocrx_word' id='word_1_286' title='bbox 1160 3341 1189 3399; x_wconf 88' lang='lat' dir='ltr'>S.</span> 
     </span>
    </p>
   </div>
   <div class='ocr_carea' id='block_1_3' title="bbox 243 3415 1193 3668">
    <p class='ocr_par' dir='ltr' id='par_1_4' title="bbox 243 3415 1193 3668">
     <span class='ocr_line' id='line_1_40' title="bbox 244 3415 1193 3506; baseline -0.005 -18"><span class='ocrx_word' id='word_1_287' title='bbox 244 3428 426 3506; x_wconf 81' lang='lat' dir='ltr'>Cyprianum</span> <span class='ocrx_word' id='word_1_288' title='bbox 458 3430 486 3489; x_wconf 90' lang='lat' dir='ltr'>ln</span> <span class='ocrx_word' id='word_1_289' title='bbox 509 3428 621 3488; x_wconf 91' lang='lat' dir='ltr'>Libro:</span> <span class='ocrx_word' id='word_1_290' title='bbox 646 3415 681 3486; x_wconf 78' lang='lat' dir='ltr'>rt</span> <span class='ocrx_word' id='word_1_291' title='bbox 706 3423 819 3506; x_wconf 83' lang='lat' dir='ltr'>ansr&#39;r.</span> <span class='ocrx_word' id='word_1_292' title='bbox 842 3424 959 3487; x_wconf 85' lang='lat' dir='ltr'>Verum</span> <span class='ocrx_word' id='word_1_293' title='bbox 986 3425 1046 3485; x_wconf 88' lang='lat' dir='ltr'>alio</span> <span class='ocrx_word' id='word_1_294' title='bbox 1073 3427 1135 3484; x_wconf 92' lang='lat' dir='ltr'>ritu</span> <span class='ocrx_word' id='word_1_295' title='bbox 1159 3441 1193 3483; x_wconf 88' lang='lat' dir='ltr'>ac</span> 
     </span>
     <span class='ocr_line' id='line_1_41' title="bbox 243 3501 1191 3584; baseline -0.008 -15"><span class='ocrx_word' id='word_1_296' title='bbox 243 3509 332 3569; x_wconf 91' lang='lat' dir='ltr'>modo</span> <span class='ocrx_word' id='word_1_297' title='bbox 354 3511 455 3584; x_wconf 89' lang='lat' dir='ltr'>pueris</span> <span class='ocrx_word' id='word_1_298' title='bbox 469 3508 645 3570; x_wconf 86' lang='lat' dir='ltr'>tradendam</span> <span class='ocrx_word' id='word_1_299' title='bbox 667 3525 732 3570; x_wconf 89' lang='lat' dir='ltr'>esse</span> <span class='ocrx_word' id='word_1_300' title='bbox 743 3506 977 3574; x_wconf 87' lang='lat' dir='ltr'>Eucharistiam,</span> <span class='ocrx_word' id='word_1_301' title='bbox 991 3501 1191 3582; x_wconf 84' lang='lat' dir='ltr'>docuitflugo</span> 
     </span>
     <span class='ocr_line' id='line_1_42' title="bbox 243 3586 1191 3668; baseline -0.006 -18"><span class='ocrx_word' id='word_1_302' title='bbox 243 3589 419 3651; x_wconf 85' lang='lat' dir='ltr'>Victorinus</span> <span class='ocrx_word' id='word_1_303' title='bbox 445 3590 510 3650; x_wconf 93' lang='lat' dir='ltr'>Lib.</span> <span class='ocrx_word' id='word_1_304' title='bbox 535 3591 548 3650; x_wconf 91' lang='lat' dir='ltr'>l</span> <span class='ocrx_word' id='word_1_305' title='bbox 571 3589 607 3650; x_wconf 81' lang='lat' dir='ltr'>dc</span> <span class='ocrx_word' id='word_1_306' title='bbox 633 3589 858 3660; x_wconf 70' lang='lat' dir='ltr'>sacramanto,</span> <span class='ocrx_word' id='word_1_307' title='bbox 879 3589 953 3668; x_wconf 91' lang='lat' dir='ltr'>Cap.</span> <span class='ocrx_word' id='word_1_308' title='bbox 978 3587 1042 3649; x_wconf 82' lang='lat' dir='ltr'>XX</span> <span class='ocrx_word' id='word_1_309' title='bbox 1066 3586 1191 3659; x_wconf 83' lang='lat' dir='ltr'>Pueris,</span> 
     </span>
    </p>
   </div>
   <div class='ocr_carea' id='block_1_4' title="bbox 0 0 1288 4042">
    <p class='ocr_par' dir='ltr' id='par_1_5' title="bbox 0 0 1288 4042">
     <span class='ocr_line' id='line_1_43' title="bbox 0 0 1288 4042; baseline 0 0"><span class='ocrx_word' id='word_1_310' title='bbox 0 0 1288 4042; x_wconf 95' lang='lat' dir='ltr'> </span> 
     </span>
    </p>
   </div>
  </div>
 </body>
</html>
