2567 4042
473 165 677 241 ⁴933&

98 294 263 372 Singulare
284 294 436 371 quoddam
465 314 572 358 nomen
593 304 664 372 est,
694 315 755 375 quo
776 296 918 359 Sicardus
948 314 1052 359 steen

99 378 129 437 lo
149 374 214 437 xli
234 377 484 439 Cremonensium
513 376 680 457 Episcopus
702 397 810 441 novem
832 380 867 439 de
887 377 996 462 Officiis
1018 382 1053 441 li·

97 458 170 519 bros
192 477 210 519 a
233 461 465 537 secompositos
486 461 637 539 inscripsit
652 460 797 525 Mitralia.
823 460 911 522 Aliud
934 478 991 521 non
1012 463 1053 523 itu

99 540 223 603 obvium
255 559 364 602 nomeu
393 542 564 619 suppeditat
589 541 767 604 Oeconomia
795 542 908 604 Domus
929 544 1055 603 Domini

94 639 149 683 seu
162 620 252 684 Liber
272 624 307 684 de
323 624 588 685 sacramentorum
603 624 876 694 administratione,
892 625 979 703 culpo
991 623 1054 685 Ba-

93 706 276 783 ptiaarium,
299 705 340 770 ad
361 705 604 765 consuetudinum
626 706 775 772 Ecclesiae
794 705 965 767 Tolosaaae.
986 704 1053 767 Usi·

97 788 210 848 tatiora
229 794 303 873 suut
324 784 501 855 Pastorulis,
519 784 743 858 sacerdotalis,
766 796 797 851 et
818 789 1054 851 metanoeae
1143 836 1150 851 .

97 887 235 929 uomina.
924 902 926 911 κ

138 950 268 1028 Aliquot
295 951 421 1011 Ritualis
445 955 545 1027 partes
565 970 704 1013 seorsum
736 970 806 1013 cum
828 970 918 1013 manu
948 970 1054 1013 exara·

98 1040 174 1099 tae,
197 1038 265 1093 tum
287 1032 367 1111 typis
400 1033 563 1111 impressae
586 1035 790 1097 inveniuntur.
819 1034 864 1095 Ile
887 1034 936 1095 his
963 1035 1055 1111 igitur

99 1131 180 1174 nunc
200 1115 363 1193 agendum.
388 1114 488 1175 Prima
510 1120 556 1176 cst
577 1113 803 1197 Baptisterium,
827 1114 1054 1196 Baptizarium‚

99 1195 310 1276 Baptismale,
339 1214 393 1257 scu
424 1195 499 1257 ordo
526 1197 565 1257 ad
586 1197 814 1275 baptizandum.
844 1196 911 1259 lloc
933 1198 1054 1267 nomine

100 1296 194 1367 saepe
216 1278 367 1355 integrum
383 1276 516 1349 Rituale,
534 1278 612 1354 quod
636 1280 674 1340 ab
689 1282 793 1343 ordine
809 1280 983 1357 Baptizandi
1000 1280 1055 1340 ini·

99 1362 178 1421 tium
200 1364 347 1432 sumeret,
366 1360 555 1439 designatum
577 1358 668 1421 luisse
690 1380 739 1421 res
761 1368 806 1423 est
827 1362 993 1439 exploratu.
1010 1360 1055 1423 lta

99 1444 217 1519 pariter
232 1438 444 1503 Paenitentiale
467 1449 499 1503 et
520 1439 739 1504 Processionale
760 1445 818 1504 dici
838 1449 869 1503 ct
891 1444 963 1504 olim
989 1460 1056 1507 con·

101 1528 273 1585 sueverunt
292 1522 403 1591 Libri,
428 1524 457 1583 in
480 1524 589 1601 quibus
611 1526 689 1586 ritus
718 1545 751 1587 ac
773 1542 878 1604 preces
893 1527 1058 1587 orationes-

101 1622 166 1681 que
181 1605 219 1664 ad
241 1606 299 1666 rite
310 1604 516 1667 Paenitentiae
531 1604 759 1669 Sacramentum
788 1608 1056 1669 administrandum

100 1692 135 1745 ct
157 1686 388 1747 Ecclesiasticus
401 1688 611 1749 Processioues
633 1690 796 1757 obeundas,
812 1689 897 1767 juxta
911 1691 1057 1767 praesori-

101 1774 189 1844 ptum
223 1767 371 1846 cujusque
393 1768 546 1832 Ecclesiae
565 1812 573 1839 ‚
598 1777 794 1840 statuuntur,
817 1772 861 1833 uti
887 1772 990 1833 videre
1012 1780 1057 1833 est

55 1913 59 1932 ⁶
100 1850 181 1925 apud
211 1848 355 1929 Ducange
388 1853 418 1911 iu
451 1870 505 1913 suo
531 1852 648 1914 mediae
680 1859 711 1913 et
742 1852 861 1913 infimae
888 1852 1056 1915 Latinitatis

100 1929 280 2003 Glaesaria,
304 1942 335 1995 et
357 1934 434 2012 apud
459 1935 558 1993 varios
580 1952 684 1995 rerum
707 1937 859 1996 ritualium
875 1935 1052 2012 Scriptores.

102 2015 189 2075 Alter
212 2016 241 2073 in
264 2014 357 2093 hujus
372 2018 491 2075 articuli
514 2034 607 2076 censu
625 2016 828 2077 numerandus
850 2018 925 2077 liber
939 2025 985 2080 cst
998 2016 1056 2078 lle-

102 2095 327 2162 nedictionalis,
352 2099 381 2156 in
403 2116 463 2173 quo
485 2097 720 2166 benedictiones,
745 2116 820 2174 quas
842 2099 879 2158 ab
901 2097 1055 2177 Episcopis

104 2182 137 2237 et
156 2177 369 2241 Sacerdotibus
390 2177 486 2248 fiunt,
510 2183 722 2241 continentur:
746 2178 935 2258 cujusmodi,
958 2180 1057 2258 inquit

103 2256 272 2338 Ducauge‚
297 2268 343 2321 est
364 2259 603 2329 Benedictionole
627 2262 767 2341 &aporii
788 2261 896 2339 Mapni
916 2263 996 2338 quod
1018 2263 1054 2325 eir

103 2336 213 2402 Codice
235 2340 384 2405 Caesareo
404 2344 563 2421 descripsit
582 2343 690 2405 Petrus
713 2345 890 2405 Lambeaius
919 2342 986 2403 Lib.
1016 2343 1053 2405 11

106 2421 272 2486 Comment.
295 2424 496 2485 Bibliothecae
515 2427 692 2489 Caesareae.
710 2425 785 2487 Sunt
806 2432 837 2485 et
851 2426 899 2485 alii
915 2424 1052 2503 ejusdem

93 2507 221 2581 -gcneris
235 2505 331 2567 Libri.
348 2505 437 2567 Liber
458 2506 498 2565 ad
514 2506 685 2574 oleandum,
703 2522 811 2584 nempe
833 2508 869 2567 ad
885 2512 1051 2569 extremam

104 2588 277 2649 unctionem
299 2589 564 2650 administrandam
587 2591 616 2651 in
638 2590 811 2651 Tarvisinae
833 2588 985 2651 Ecclesiae
1012 2592 1055 2651 in·
1160 2620 1162 2623 ·

103 2668 212 2731 diculis'
233 2678 430 2732 memoratur.
448 2670 575 2731 Exstant
595 2673 687 2733 etiam
702 2672 785 2733 Libri
801 2670 990 2749 Mequialcs.
1007 2668 1054 2732 Er

102 2747 375 2813 Processionalibus
396 2752 494 2811 Libris
515 2753 674 2833 decerptae
696 2761 765 2815 sunt
780 2755 924 2815 Litaniae.
946 2754 1054 2815 Varias

101 2850 192 2909 porro
217 2840 357 2894 veterum
381 2833 565 2894 Litaniarum
588 2836 733 2897 formulas
755 2838 945 2913 evulgarunt,
970 2854 1055 2912 prae·

100 2921 147 2976 ter
169 2916 324 2977 Merinum
347 2923 378 2977 et
398 2914 580 2976 Martenium
599 2962 607 2986 ,
629 2916 720 2997 Hugo
742 2918 926 2985 lllerrardus,
950 2916 1054 2981 Mobil-

100 2997 209 3063 iouius,
235 2997 382 3068 Baluzius,
399 2995 540 3074 Congius,
557 2998 713 3069 Sollerius,
732 2999 946 3070 Trombellius,
964 3006 995 3061 et
1017 3001 1053 3061 de

100 3078 225 3141 Rubeis.
454 3112 460 3119 κ

139 3162 214 3223 Xll.
246 3162 329 3223 luter
354 3161 461 3221 Libros
483 3160 608 3222 Sanctae
629 3161 782 3223 Romanae
804 3160 957 3225 Ecclesiae
978 3159 1052 3225 Cae·

100 3244 282 3306 remouiales
313 3245 413 3304 statim
437 3247 569 3305 occurrit
594 3242 677 3304 Ordo
701 3243 854 3304 Romanus
887 3242 1053 3323 aGeergio

103 3324 273 3388 Cassandro
295 3327 429 3401 primum
443 3324 585 3386 Coloniae
599 3326 709 3392 editus,
727 3326 832 3386 deinde
854 3325 1053 3391 aMelclriore
1167 3369 1169 3373 -

102 3407 390 3487 llitterpioibidem
413 3426 548 3469 recusus.
572 3406 696 3469 Nullum
720 3399 917 3486 antiquiorem
940 3410 1053 3471 librum

103 3489 253 3554 habemus
269 3489 305 3549 de
322 3491 430 3551 ritibus
445 3488 599 3551 Ecclesiae
608 3490 775 3564 Romanae,
793 3509 884 3567 quam
903 3491 953 3552 hic
974 3490 1053 3553 Ordo

105 3571 272 3635 Romanus.
296 3570 372 3649 Eius
393 3574 600 3651 antiquitatem
623 3573 759 3651 plerique
775 3572 911 3637 referunt
932 3575 969 3634 ad
989 3588 1056 3635 sae·

240 3674 300 3729 Vol.
323 3680 344 3729 l.
726 3716 728 3721 .
901 3680 917 3729 3
