2567 4042
598 152 803 226 didm·

230 289 366 360 tempora
382 280 530 360 assignata
552 286 614 342 tam
635 300 692 361 pro
706 281 882 360 maJoribus
900 298 990 360 quam
1013 281 1180 343 minoribus

227 365 408 435 Ordinibus,
432 370 634 426 nunc-antem
658 371 724 443 post
745 365 952 425 'tridentinum
975 372 1058 425 aetas
1079 364 1180 441 requi-
1271 390 1272 411 ÷

227 448 284 509 sita
306 446 353 507 ad·
368 448 495 524 primam
517 446 699 518 'tonsuram
723 446 774 507 illa
794 450 851 517 est,
876 464 954 523 quae
977 449 1180 507 communiter
1271 444 1272 471 ³

227 530 264 591 ad
287 546 377 590 nsum
401 530 523 590 rationis
544 529 718 607 deputatur,
737 529 807 606 qnia
828 528 904 589 haec
919 528 1067 590 sufficiens
1089 530 1127 589 ad
1141 545 1179 589 ea
1271 516 1272 581 j

226 611 390 691 judicatur,
408 630 486 688 quae
507 610 645 671 Sessioue
667 609 775 671 XXlll
797 611 869 688 Cap.
886 609 931 670 IV
953 628 1007 687 pro
1029 611 1180 675 initiandis
1271 640 1272 643 ¹

229 695 327 771 prima
348 692 486 753 Tonsura
511 692 722 770 requiruntur.
746 691 804 753 Pro
826 692 993 753 minoribus
1015 693 1179 755 Ordinibus
1271 726 1272 757 r

227 776 309 836 nulia
341 781 388 836 est
408 780 491 837 aetas
522 773 694 835 aConcilio
724 777 932 853 praescripta,
955 776 1007 835 sed
1038 774 1180 855 Episcopi
1271 764 1272 789 ¹

227 859 351 919 arbitrio
382 857 574 935 relinquitur.
597 854 734 916 Moriens
762 858 791 916 in
814 858 985 918 doctissimo
1021 856 1112 935 opere
1135 858 1179 918 ue

227 938 323 1001 sacra
349 937 548 999 ordinatione
567 936 650 998 Part.
669 936 710 998 111
733 936 954 999 Exercitatione
970 938 1033 1000 XV
1047 939 1084 999 de
1099 938 1178 999 Tou·

228 1040 298 1082 sura
324 1018 460 1082 Clericali
487 1021 558 1097 Cap.
586 1018 630 1079 lll
652 1020 764 1089 docet,
793 1039 902 1097 pucros
930 1021 1046 1082 oblatos
1075 1019 1180 1081 Eccle·
1270 1032 1272 1073 t

230 1105 317 1172 siae,
340 1102 433 1163 fuisse
455 1104 554 1179 statim
578 1103 655 1163 inter
671 1100 803 1163 Clericus
825 1108 972 1181 receptos,
988 1110 1020 1163 et
1040 1102 1179 1163 Tonsura
1270 1166 1271 1195 ,

228 1192 260 1246 et
280 1182 427 1247 Clericatn
449 1184 584 1245 donatos.
600 1184 635 1245 ln
656 1182 742 1262 eujus
764 1184 808 1245 rei
823 1186 1029 1263 probationem
1046 1184 1179 1263 plurium

227 1268 398 1329 testimonia
429 1267 536 1328 adseri.
561 1264 684 1327 Constat
704 1266 834 1343 viguisse
857 1267 1017 1345 perplura
1040 1266 1177 1334 saecula,

229 1354 264 1409 ut
285 1350 393 1427 probat
413 1346 605 1410 Clarissimus
626 1348 660 1409 P.
683 1347 877 1409 blanchinius
899 1349 928 1409 in
951 1350 1028 1409 notis
1050 1348 1087 1407 ad
1103 1348 1181 1409 Ana·
1268 1420 1269 1423 Ἴ

228 1433 352 1493 stasium
375 1430 640 1491 Bibliothecarinm
675 1430 712 1489 de
733 1430 803 1489 vitis
825 1427 1031 1491 Romanorum
1054 1427 1179 1489 Pontifi-

228 1530 297 1573 cum
312 1513 400 1573 Tom.
416 1511 460 1573 lv
475 1512 612 1575 Sectione
633 1510 814 1581 CXXXIV,
829 1513 858 1572 in
874 1513 1009 1574 Ecclesia
1025 1512 1128 1581 ritum,
1143 1518 1179 1573 ut
1268 1500 1269 1510 ¹

127 1598 130 1601 ’
227 1595 317 1655 oblati
340 1597 553 1671 aparentibus
575 1594 701 1656 infantes
726 1596 754 1654 in
771 1591 896 1654 Clerum
911 1596 1130 1672 acciperentur,
1148 1598 1180 1655 et
1267 1643 1269 1652 .

228 1676 265 1737 ad
286 1677 452 1740 'sensuram
478 1684 508 1737 et
523 1676 715 1737 Lectoratum
742 1676 996 1737 admitterentur:
1023 1692 1119 1751 eaque
1141 1676 1179 1735 de
1265 1663 1269 1738 Ξ

229 1776 330 1827 causa,
354 1765 388 1819 ut
410 1759 507 1836 inquit
527 1758 692 1819 Cardinalis
707 1757 788 1817 Bona
802 1756 866 1816 Lib.
880 1758 895 1819 l
912 1757 1026 1818 Rerum
1041 1754 1178 1837 Literqt'-
1268 1746 1269 1779 ¹

229 1857 337 1901 eorum
358 1837 432 1918 Cap.
456 1836 551 1901 XXV
579 1839 671 1900 Num.
687 1838 794 1900 XVlll
817 1839 997 1909 oriebatur,
1021 1849 1054 1899 ot
1075 1856 1179 1900 rerum

228 1919 503 1992 &elesiastieerem
520 1922 699 2001 peritissimi
712 1931 805 1983 essent
826 1921 860 1979 io
877 1921 982 2001 quitos
1002 1922 1178 1999 [occentet
1271 1962 1272 1987 ,

227 2007 295 2083 ipse
314 2004 448 2081 insontia
470 2003 607 2065 enotriti.
632 2004 747 2065 Verum
782 2003 857 2063 baec
878 2004 1030 2080 disciplina
1062 2002 1180 2063 sublata

228 2086 348 2163 penitus
370 2084 438 2154 init,
455 2085 573 2147 labente
594 2087 715 2147 saeculo
738 2082 810 2155 Xll,
827 2103 881 2163 per
897 2085 1098 2147 Caelestinum
1120 2082 1177 2144 lll.

227 2166 335 2230 Nullus
356 2169 393 2228 ad
415 2168 653 2229 subdiaconatus
674 2166 820 2228 Ordinem
842 2173 910 2229 ante
932 2168 1112 2245 vigesimum
1133 2184 1178 2226 se·
1269 2226 1270 2231 ,

229 2249 361 2311 eundum
382 2293 389 2318 ‚
413 2250 450 2309 ad
472 2248 654 2311 Diaconatus
676 2255 743 2309 ante
765 2250 947 2326 vigesimum
971 2248 1117 2318 tertium,
1141 2248 1180 2308 ad

228 2328 446 2393 presbiteratus
468 2339 536 2393 ante
557 2332 734 2409 vigesimum
751 2332 888 2406 quintum
906 2333 1018 2399 ,aetatis
1040 2349 1113 2391 suae
1128 2348 1182 2389 an·
1264 2342 1265 2392 ἓ

229 2432 301 2475 num
334 2414 505 2489 promoveri
532 2418 653 2489 potest,
677 2412 841 2473 secundnm
864 2412 989 2485 Consilii
1011 2410 1181 2473 Tridentini
1219 2462 1222 2473 .

229 2495 430 2565 sanctionem,
453 2494 593 2555 Sessione
614 2494 749 2567 XXlll,
772 2494 845 2573 Cap.
869 2494 931 2556 Xll
953 2495 998 2554 De
1023 2493 1181 2570 Reforma-
1261 2549 1265 2558 .

228 2576 318 2635 tioee.
341 2574 432 2636 Hunc
454 2583 555 2637 antem
577 2595 723 2639 annorum
745 2594 906 2638 numerum
938 2578 1070 2655 attigisse
1094 2565 1179 2637 sdffi-
1264 2585 1265 2595 ¹

229 2657 294 2727 eit,
318 2658 484 2735 explevisse
508 2660 630 2720 minime
652 2676 773 2721 neeesse
794 2663 864 2726 est,
889 2664 922 2719 ut
943 2659 1050 2735 probat
1072 2656 1177 2717 Eccle-

230 2740 291 2800 siae
314 2757 397 2800 usns.
423 2739 609 2818 Dispensatio
638 2758 728 2819 super
750 2746 848 2803 aetate
869 2740 1112 2825 Ordinandqrum
1141 2740 1180 2799 ad

228 2818 412 2900 Episcopum
434 2839 492 2882 non
515 2823 667 2899 pertinet,
692 2823 742 2883 sed
765 2822 890 2884 Summo
913 2821 1046 2883 Pontifici
1080 2840 1180 2883 reser-

228 2910 299 2965 vata
320 2909 375 2963 est.

230 3014 234 3018 ’
270 2985 310 3046 V.
335 2984 474 3063 Quinque
496 2987 678 3049 conditiones
700 2988 890 3049 continentur
911 2987 940 3045 in
965 2992 1066 3047 nostro
1082 2986 1194 3048 Ponti·

184 3101 187 3105 Δ
228 3066 308 3129 ticali
328 3084 384 3145 pro
398 3066 556 3130 collatione
576 3067 744 3131 Tonsurae.
767 3068 868 3129 Prima
891 3074 946 3133 est,
960 3074 997 3128 ut
1011 3067 1181 3129 Confirma-

228 3150 317 3209 tionis
332 3148 527 3211 Sacramento
549 3151 683 3212 munitus
697 3156 748 3211 sit.
765 3150 853 3212 Ratio
867 3157 924 3220 est,
942 3151 1011 3227 quia
1033 3166 1087 3227 per
1103 3150 1182 3211 Con-

228 3230 429 3291 firmationem
452 3232 603 3311 perlectus
625 3234 693 3309 quis
715 3231 750 3291 iri
770 3231 969 3299 Christianus,
994 3235 1027 3291 ut
1049 3230 1181 3293 habetur

229 3314 258 3373 in
292 3312 448 3375 Canonel
475 3314 520 3375 De
552 3314 781 3377 Consecrctione
809 3313 1004 3374 Distinetione
1026 3311 1065 3371 V.
1094 3314 1181 3387 Quae

228 3392 396 3473 perfectio,
421 3402 456 3455 ut
476 3395 585 3458 docent
606 3396 743 3474 plerique
765 3402 920 3464 auctores,
945 3396 1112 3457 necessaria
1135 3403 1182 3458 est

230 3478 277 3543 iis,
295 3478 345 3554 qni
368 3477 405 3535 ad
428 3474 583 3539 Ordinem.
600 3482 631 3538 et
653 3478 769 3540 Statum
792 3477 1036 3539 Ecclesiasticum
1060 3496 1180 3555 promo·

232 3558 297 3619 reri
319 3557 439 3620 debent.
458 3556 593 3622 Conditio
614 3560 710 3623 altera
732 3567 788 3632 est,
804 3568 838 3625 ut
858 3560 1120 3639 quisuscepturus
1134 3565 1181 3622 est
