2567 4042
563 154 768 224 ww&-

192 300 260 343 nae.
285 281 448 342 Sciendum
480 282 603 359 insuper
624 298 663 341 ex
685 280 835 345 Gulielmc
858 281 1010 367 Durando⁶
1024 280 1092 343 Lib.
1115 281 1144 346 11

193 362 376 433 Rationalis,
395 363 502 443 Capite
517 360 556 433 X,
580 363 661 439 quod
683 362 846 424 Ordinatur
869 362 1037 442 Episcopus
1059 364 1145 426 Ordi-

192 450 298 506 natum
321 446 444 524 quidem
464 446 494 503 in
517 444 711 505 Sacerdotem
735 447 960 515 communicans
992 448 1145 509 osculaba-

192 532 269 593 tur,
292 525 444 588 Diaconus
465 537 569 587 contra
591 527 639 587 vel
662 524 868 589 Subdiaconus
889 530 1145 592 communicantes

193 626 318 669 manum
332 608 475 687 Episcopi
489 607 670 669 ordinatoris
691 610 915 671 osculabantur.
932 608 1029 670 Vetus
1051 618 1083 671 et
1097 612 1147 675 illa

194 696 242 751 est
262 690 343 753 haud
365 690 454 751 dubie
474 691 504 750 in
520 689 654 751 Ecclesia
676 693 872 758 consuetudo,
892 698 926 751 ut
946 692 1018 751 dum
1041 692 1147 754 Sacer·
1206 744 1208 748 .

193 772 249 832 dos
270 772 495 854 Eucharistiae]
514 770 714 849 praeberet,
744 774 880 835 minister
902 772 1024 835 dextera
1055 794 1147 837 mauu

194 860 299 915 tenens
319 873 376 915 vas
396 872 467 916 cum
488 855 558 913 vinc
579 853 627 913 vel
650 851 751 931 aqua,
781 853 901 914 sinistra
926 871 1000 916 vero
1022 874 1148 936 mappu-

193 934 266 1005 lam,
282 936 434 1014 aliquanto
455 942 523 1013 post
534 934 729 996 Sacerdotem
751 952 889 1013 pergens,
905 935 1148 1014 purificationem

195 1034 231 1077 ac
263 1017 506 1096 mappulam-[ad
528 1034 562 1078 os
590 1017 823 1095 abstergendpm
856 1020 1147 1081 communicantibus

194 1099 364 1161 exhiberet.
388 1098 554 1176 Episcopus
575 1102 735 1176 praeterea
756 1098 824 1159 lotis
845 1100 983 1161 manibus
1014 1107 1096 1163 stans
1117 1103 1147 1162 in

194 1196 289 1243 cornu
310 1179 463 1259 Epistulae
485 1179 608 1240 inchoat
628 1182 659 1239 in
680 1186 779 1241 cantu:
801 1176 876 1241 lum
897 1200 958 1241 ooo
979 1178 1078 1245 dicum
1100 1201 1148 1245 cos

194 1276 299 1333 servos,
323 1262 373 1324 scd
395 1262 504 1323 amicos
518 1280 594 1321 mccc
615 1271 671 1321 etc.
691 1261 874 1340 Desumptac
896 1270 965 1324 suut
985 1265 1062 1327 haec
1075 1262 1149 1343 'Epi-

194 1346 278 1423 scopi
299 1346 393 1406 verba
415 1362 454 1405 ex
481 1360 622 1405 sermone
645 1362 737 1421 quem
758 1341 934 1421 Unigenitus
954 1344 1009 1408 Dei
1031 1366 1069 1407 ex
1092 1348 1148 1407 boc

193 1428 308 1487 mundo
331 1429 519 1504 migraturus
540 1425 577 1483 ad
598 1424 730 1495 Patrem,
754 1425 790 1484 ad
814 1422 981 1504 Discipulos
1002 1446 1072 1490 suos
1094 1428 1151 1489 ha-

193 1506 271 1577 buit,
295 1511 338 1569 uti
360 1510 465 1569 videre
485 1512 534 1566 est
554 1506 583 1564 in
604 1503 679 1583 Cap.
703 1507 763 1568 XV
784 1505 946 1585 Evangelii
962 1506 994 1570 S.
1011 1510 1145 1571 loannis.

193 1588 375 1650 Afferuutur
397 1607 434 1649 ea
455 1588 578 1665 quidem
593 1588 687 1647 verba
710 1591 739 1648 iu
762 1591 967 1667 manuscripto
982 1587 1147 1653 Pontificali

194 1668 360 1731 Vaticanus
382 1669 606 1738 Bibliothecae,
630 1677 663 1729 ei
684 1670 713 1729 in
736 1670 1009 1749 aliisquibusdam
1027 1672 1149 1735 Pontifi-

192 1752 319 1813 celibus.
343 1750 420 1813 Sane
442 1754 555 1828 quanta
576 1751 617 1811 sit
637 1751 835 1815 Sacerdotem
857 1753 1006 1831 dignitus,
1030 1757 1150 1817 abunde

193 1834 290 1894 verba
311 1835 376 1912 ipsa
397 1831 578 1911 significant,
595 1832 670 1894 dum
692 1833 831 1896 Christus
852 1834 999 1897 Dominus
1021 1836 1150 1916 Aposto-
1263 1886 1264 1907 ,

193 1915 240 1976 los
260 1934 350 1987 suos,
373 1933 449 1993 quos
470 1912 649 1975 Sacerdotes
670 1918 846 1983 ordinarat,
871 1933 927 1975 non
950 1936 1074 1985 servos,
1097 1919 1150 1981 sed

192 1997 307 2059 amicos
332 2004 432 2058 vocat.
462 1997 598 2079 Constat,
613 1998 705 2057 etiam
739 2016 777 2059 ex
802 1994 1149 2063 variisponcifieatibu's

193 2077 293 2141 Libris
314 2082 508 2141 consuevisse
522 2074 720 2157 Presbyteros
736 2084 805 2141 aute
821 2096 905 2140 suam
921 2078 1150 2158 ordinationem

193 2157 280 2223 Fidei
303 2160 480 2240 Symbolum
499 2161 645 2230 recitare,
669 2159 708 2220 ob
731 2180 800 2223 eam
822 2161 992 2234 rationem,
1016 2165 1096 2241 quod
1119 2164 1149 2224 il-

192 2244 247 2304 lud
263 2245 443 2319 praedicare
465 2241 578 2319 populo
600 2242 723 2303 debent.
736 2242 894 2317 ,Quamvis
915 2242 954 2301 iu·
975 2246 1151 2323 antiquiori·

193 2324 250 2386 bus
264 2324 490 2385 pontificatibus
505 2322 603 2381 Libris
618 2326 696 2385 ritus
712 2323 908 2401 promittendi
917 2321 1065 2407 Episcopo
1080 2328 1152 2388 obe·

191 2406 336 2468 dientiam
359 2407 488 2465 minime-
505 2411 669 2481 appareat,
692 2406 848 2483 reperitur
870 2410 970 2466 tamen
994 2411 1023 2469 in
1047 2409 1152 2486 pleris-

191 2506 255 2565 que
277 2489 314 2548 ab
336 2490 421 2549 annis
435 2486 558 2546 circitet
573 2484 650 2547 DCC
672 2488 803 2566 scriptis,
820 2504 880 2546 nou
902 2488 1024 2565 quidem
1048 2493 1077 2551 in
1092 2486 1151 2551 fine

194 2570 331 2639 Missae,
355 2572 407 2631 sed
429 2570 515 2628 initio
538 2568 762 2630 ordinationis
780 2568 897 2631 Verum
920 2571 950 2628 in
972 2572 1153 2651 quibusdam

193 2648 339 2713 Ecclesiis
372 2670 430 2711 non
462 2648 559 2713 solum
581 2649 807 2729 Presbyteros‚
831 2666 940 2711 verum
973 2660 1004 2714 et
1030 2656 1163 2731 quosvis·

91 2752 95 2758 ’
191 2730 326 2794 Clericos
340 2731 490 2812 Episcopo
505 2732 709 2793 obedientiam
726 2750 796 2793 cum
812 2732 984 2811 juramento
999 2736 1154 2813 promisis-

190 2832 238 2887 se,
262 2816 361 2893 colligi
383 2818 482 2893 potest
503 2831 540 2873 ex
554 2810 689 2891 Epistola
705 2812 857 2877 Decreteli
880 2814 916 2873 ad
931 2814 1152 2894 Praepositum,

193 2902 225 2957 et
238 2894 411 2977 Capitulum
425 2894 634 2956 Placentinum
650 2898 774 2975 scripta,
792 2912 871 2975 quae
886 2894 1016 2959 habetur
1030 2899 1061 2957 in
1075 2898 1150 2977 Cap.

193 2976 273 3041 Cum
299 2978 410 3042 Clerici
424 2976 504 3037 XIX
528 2976 743 3039 Desertorem
763 2973 993 3057 significatione.
1011 2978 1046 3039 ln
1068 2978 1154 3047 sitra-

194 3077 252 3135 que
267 3059 415 3129 Ecclesia,
430 3057 548 3120 Graeca
569 3060 685 3137 pariter
706 3058 866 3125 citatius,
892 3060 1030 3123 osculum
1046 3060 1153 3123 Sacer·

193 3142 256 3204 doti
278 3160 383 3203 recens
405 3142 544 3203 ordinato
565 3141 669 3202 datum
693 3141 733 3199 ab'
751 3140 909 3218 Episcopis
937 3142 1009 3203 oiim
1031 3143 1149 3213 luisse,

194 3218 309 3303 liquido
331 3228 448 3285 constat
469 3242 506 3285 ex
528 3230 633 3285 vetere
655 3220 768 3283 Ordine
790 3215 938 3283 Romano.
976 3246 978 3249 ·
