2567 4042
480 202 703 274 mulsoue·

119 329 171 391 dat
191 329 298 389 deinde
319 330 457 391 laudatus
483 332 578 393 codex
599 312 777 393 Pon'tilicalis
800 333 830 394 S.
854 335 1008 407 Victoris,
1033 348 1067 399 ut

111 422 266 489 peruuqct
287 410 448 491 Episcopus
479 418 577 494 ipsum
604 418 776 483 scrinium,
809 417 922 494 faciens
953 438 1069 479 crucem

116 496 152 552 iu
174 504 300 573 quotuor
321 496 392 553 locis
414 514 481 553 cum
509 498 686 567 chrismate,
711 498 844 559 cauendo
866 498 1067 580 Antiphonem

34 594 38 601 ·
117 583 146 633 st
176 573 350 646 Psotmum,
380 575 514 655 Moqnus
546 579 700 641 Dumium.
731 579 874 657 Sequitur
908 582 935 639 in
968 589 1069 643 nostro

115 654 281 716 Pontilicali
304 656 456 739 Praefatio
472 678 565 736 vquae
587 661 617 719 in
637 662 750 722 Ordine
783 662 904 739 antiquo
933 665 1069 724 Romano

116 746 244 799 vocatur
258 740 379 815 quidem
399 740 592 802 Conscorotio
612 743 647 802 in
668 743 790 803 modum
801 746 1010 823 praefationis,
1028 746 1069 805 in-

116 820 248 897 cipitque
269 821 306 881 ab
328 822 364 883 iis
385 824 487 883 verbis
508 822 588 883 Deus
608 827 833 887 inaestimabilis
849 837 902 886 etc.
920 826 1013 887 Porro
1029 827 1068 887 al·

62 976 65 983 ,
116 898 225 963 ludunt
244 906 340 979 prima
363 903 558 967 Praelationls
578 908 671 967 verba
693 909 730 967 ad
745 907 842 985 Caput
857 909 952 968 Exodi
973 906 1068 969 XXV

115 985 229 1060 inquo
251 983 332 1046 Deus
355 986 482 1047 [ormam
508 990 726 1051 construendae
752 1007 840 1050 arcae
865 991 962 1069 Moysi
981 1009 1067 1068 prae-

116 1067 257 1143 scripsit.
280 1073 312 1127 ot
333 1069 457 1144 quidum
472 1070 558 1149 juxta
574 1071 728 1149 exemplar
750 1073 829 1150 quod
852 1073 907 1149 ipsi
923 1076 952 1132 in
968 1072 1069 1134 Monte

117 1155 357 1218 monstraveram
381 1152 514 1228 itemque
529 1151 668 1213 alludunt
689 1154 725 1212 ad
748 1154 845 1231 Caput
859 1153 905 1214 lX
920 1154 1070 1231 Epistulae

116 1230 189 1289 Diri
210 1230 292 1291 Pauli
314 1232 351 1291 ad
373 1232 551 1301 HebraeoS,
568 1234 672 1311 inqua
688 1230 826 1297 meminit
838 1236 998 1314 Apostolus
1013 1236 1071 1297 Ar-

118 1330 174 1373 cae
195 1311 379 1379 Testamenti
400 1316 612 1376 circumtectae
633 1336 670 1377 ex
692 1318 774 1391 omni
807 1324 891 1393 parte
918 1320 1014 1386 auro,
1039 1320 1073 1379 in·

100 1408 175 1469 ‘qua
197 1413 273 1454 urna
295 1414 387 1457 aurea
409 1406 517 1456 manna
538 1400 660 1459 caelesti
683 1400 780 1477 plena,
794 1400 886 1476 Virga
903 1399 1015 1473 Aaron,
1032 1406 1064 1461 et
1112 1394 1114 1401 ⁴

115 1476 251 1538 Tabulae
271 1476 454 1538 Testamenti
477 1481 720 1543 asservabantur.
1034 1482 1052 1551 ’.

157 1559 209 1620 Ν.
234 1558 292 1621 seo
315 1560 363 1620 bis
384 1562 480 1622 obiter
503 1562 670 1629 adnotatis,
694 1565 845 1643 explicare
868 1563 961 1625 lusius
983 1564 1066 1625 lubet

114 1660 193 1717 quae
216 1642 245 1699 in
267 1642 538 1720 ipsaxl'raelatione
561 1644 687 1705 interius
709 1647 879 1713 habentur,
904 1646 940 1707 de
969 1664 1068 1706 sacra-

114 1742 185 1784 rum
207 1723 412 1799 Reliquiarum
428 1728 560 1795 virtute,
578 1744 655 1803 quae
670 1734 771 1788 contra
787 1728 947 1790 Diabolum
962 1736 992 1789 ct
1007 1727 1068 1787 An·
1114 1786 1116 1788 ,

114 1808 198 1883 gelos
220 1803 285 1882 ejus
308 1808 471 1882 plurimum
492 1810 605 1868 valent.
630 1809 790 1873 Testantur
812 1810 840 1869 id
869 1810 989 1887 quidem
1011 1807 1066 1868 Pa-

114 1895 178 1950 tres
197 1885 361 1958 Ecclesiae,
384 1890 462 1965 inter
483 1908 558 1966 quos
580 1889 834 1970 §.Hieronymus
854 1892 999 1953 adversus
1013 1891 1067 1951 Vi·

114 1971 284 2048 gilantium.
309 1968 441 2048 Fugatos
461 1972 621 2032 daemones
654 1974 764 2033 virtute
783 1979 966 2034 ,sanctarum
988 1972 1068 2033 Reli-

113 2055 265 2128 quiarum,
289 2053 446 2114 innumera
468 2070 543 2131 pene
557 2054 697 2131 exempla
718 2074 772 2115 nos
794 2055 911 2123 docent,
929 2054 1017 2116 allata
1033 2063 1069 2115 et
1142 2130 1144 2134 ,

90 2139 131 2193 'a
154 2131 352 2196 Bollandiani's
372 2138 402 2195 in
424 2134 722 2201 VitisSanctorum,
747 2143 777 2196 et
805 2155 821 2195 a
844 2136 972 2199 Caesare
993 2135 1065 2197 Car-

112 2217 204 2277 diuali
227 2215 355 2276 Baroniu
382 2218 412 2276 iu
434 2218 495 2277 suls
516 2216 689 2278 Annalibus
710 2216 938 2279 Ecclesiastiois.
962 2217 1067 2295 Orige-

113 2317 167 2359 nes
188 2298 278 2358 Libro
301 2297 372 2358 Vlll
394 2304 498 2359 contra
519 2296 656 2367 Celsum,
679 2300 843 2379 Martyres,
856 2301 906 2369 ait,
923 2300 994 2359 dum
1011 2316 1066 2375 pro

113 2380 187 2441 Iesu
209 2378 331 2440 Christo
351 2385 585 2457 torquerentur,
608 2381 803 2442 daemonibus
837 2381 966 2459 iugentia
987 2386 1065 2441 attu-

112 2462 182 2523 lisse
204 2463 323 2530 damna,
346 2479 457 2539 eosque
477 2462 688 2524 imbecilliores
708 2464 844 2525 efficisse.
862 2463 978 2542 Insigne
993 2480 1067 2539 quu-

113 2562 175 2620 quc
195 2563 231 2604 ea
255 2545 284 2603 in
305 2562 339 2604 re
360 2545 503 2621 estquod
531 2544 568 2603 de
590 2542 754 2621 Sepulchra
777 2546 806 2607 S.
831 2543 960 2615 Felicis,
985 2545 1064 2621 quod

114 2624 209 2687 Nolae
230 2629 383 2686 innostro
403 2627 505 2703 Regno
521 2628 708 2704 neapolitano
723 2634 769 2689 est
783 2672 791 2697 ,
806 2628 911 2688 scribit
927 2628 1064 2705 tuipsius

112 2706 212 2769 Natali
235 2706 277 2769 Vl
298 2706 330 2767 S.
354 2706 512 2776 Paulinus,
537 2708 587 2768 ubi
620 2709 697 2771 inter
729 2711 785 2770 alia
817 2708 930 2769 infinita
951 2716 981 2771 ct
1003 2713 1064 2769 stu-

112 2790 211 2867 penda
227 2789 382 2857 miracula,
395 2786 512 2867 fugatos
526 2791 686 2853 daemones
701 2798 838 2852 testatur.
852 2792 963 2873 Valent
978 2806 1064 2869 prae·

114 2880 200 2933 terea
223 2870 349 2931 Sanctae
370 2870 527 2948 Reliquiae
547 2878 652 2932 contra
673 2874 821 2938 fulmina,
845 2877 1062 2949 tempestates.

113 2954 299 3031 grandines,
325 2954 473 3026 acmaris
495 2955 663 3032 procellas,
688 2974 764 3031 quas
786 2974 842 3015 non
875 2954 966 3015 semel
990 2955 1068 3032 ipsa-

113 3054 183 3097 rum
196 3034 403 3112 ‚Reliquarum
427 3038 539 3095 virtute
561 3036 678 3096 sedatas
700 3038 841 3115 legimus..
854 3035 1005 3109 Quantum
1021 3052 1068 3094 sa-

113 3135 186 3178 crae
208 3119 291 3196 ipsae
312 3115 467 3192 Reliquiae
489 3122 593 3178 contra
614 3124 734 3195 pestes,
759 3126 862 3179 contra
889 3123 1065 3193 corruptum

111 3216 240 3268 aerem,
262 3206 294 3260 et
315 3204 428 3259 mortes
446 3199 630 3266 bominum,
646 3204 743 3275 atque
765 3200 937 3261 animalium
952 3198 1063 3265 valant,

112 3280 315 3342 Ecclesiastici
338 3280 527 3357 Scriptores,
544 3282 641 3359 'alque
671 3289 808 3343 auctores
833 3278 1071 3342 vitarumSan·

112 3369 234 3425 ciorum
258 3362 350 3424 fidem
370 3362 634 3423 luculentissimam
657 3361 780 3425 faciunt.
803 3362 962 3425 Sacrarum
983 3358 1066 3421 Reli-

111 3447 255 3524 quiarum
278 3446 308 3506 S.
332 3443 497 3505 Sebastiani
510 3443 663 3504 beneficio
682 3447 842 3521 evanuisse
864 3450 994 3523 pestem,
1011 3460 1065 3520 per

112 3528 214 3589 uarias
234 3526 338 3588 ltaliae
353 3526 501 3604 Regiones
516 3527 678 3587 crudeliter
693 3536 877 3603 grassantem
892 3572 900 3598 ,
917 3526 1065 3587 affirmant

112 3611 235 3688 quidem
255 3615 287 3671 et
301 3609 457 3687 perspicue
472 3608 633 3672 ostendunt
648 3608 830 3671 Bollandiani
854 3611 890 3669 ad
908 3608 986 3669 diem
1001 3605 1068 3667 xx·
