2567 4042
513 155 716 228 ‘eilssltttt-

128 287 233 366 -liquet
254 304 291 348 ex
314 285 464 364 plerisque
486 285 590 361 priscis
610 282 835 344 Pontificalibus
849 281 958 341 Libris.
980 281 1086 346 Gestat

129 363 372 446 de'autiquitate
395 386 464 428 curn
479 365 591 428 Baculo
615 366 744 431 annulus
759 364 954 442 Episcopalis,
973 367 1085 443 qnippe

133 469 229 528 quem
250 457 281 512 et
303 448 333 510 S.
357 449 499 518 Isidorus,
524 455 554 510 ct
574 448 743 510 Concilium
764 446 945 507 Toletannm
965 446 1009 509 lv
1031 445 1086 508 Ca·

135 551 216 594 none
236 529 346 592 xxix
367 531 550 612 ornamentis
571 529 797 609 Episcopalibus
818 528 1083 601 adnumeratum,

111 620 175 678 art
194 610 318 693 proinde
346 615 437 682 etiarn
458 613 538 674 hanc
560 613 780 673 caeremoniam
809 608 886 688 jure
901 612 1010 672 merito
1031 611 1084 672 ad·

111 746 113 750 .
137 697 267 757 modum·
290 698 442 774 antiquam
470 695 551 755 dicat
571 693 707 776 ldorlnus
728 693 763 752 de
784 693 885 754 Sacris
906 690 1086 754 Ordinatio·

137 776 340 842 uibusPartc
361 775 418 837 ΠΙ
435 773 714 837 Exercitatioaell
730 775 804 853 Cap.
822 773 851 840 ll
872 772 964 835 Nurn.
980 774 1020 835 V.
1036 773 1087 836 ln-

137 878 229 936 super
250 877 286 920 ea
307 859 446 936 Episcopi
469 855 689 918 Consecratoris
710 859 828 928 verba,
853 854 962 934 Accipe
982 855 1084 918 Evan-

112 943 259 1021 -oolium
283 951 309 1002 et
330 937 420 1007 eade.
438 938 585 1020 praedica
602 941 712 1019 popolo
733 941 787 1000 tibi
806 941 958 1000 commisso
981 944 1085 1018 aperie

138 1022 311 1092 ostendunt,
333 1041 442 1084 munus
465 1039 529 1082 esse
546 1025 702 1100 proprium
716 1021 933 1099 Episcoporum
948 1019 1086 1100 Evange-

138 1105 216 1165 liunt
237 1103 428 1182 praedicandi
457 1103 536 1179 plebi
558 1104 615 1163 sibi
628 1105 814 1180 assignatae.
837 1101 979 1178 Sequitur
998 1121 1086 1164 oscu-

138 1185 204 1247 lnm
217 1185 306 1327 genis
327 1205 386 1264 quo
408 1183 575 1263 Episcopus
596 1183 819 1254 Consecrator‚
843 1183 968 1265 ejusque
989 1182 1086 1246 Colle·

136 1287 196 1346 gae
242 1274 429 1328 onsecratum
444 1268 628 1346 Episcopum
643 1267 773 1329 salutant
788 1266 850 1327 :sub
871 1267 1085 1328 ca'verbomm

134 1349 271 1412 formula
283 1375 294 1409 -:
320 1349 388 1410 Parc
410 1351 476 1410 tibi.
500 1347 617 1422 Quibus
639 1348 689 1409 ille
710 1348 880 1425 singulatim
901 1349 1083 1426 respondet:

138 1430 180 1495 Er
198 1430 269 1492 'cum
290 1432 399 1514 spiritu
421 1442 482 1492 tuo.
506 1429 685 1490 Addubitari
707 1428 820 1506 nequit,
843 1430 916 1508 quin
938 1448 1085 1491 memora·

139 1518 190 1574 tus
212 1514 289 1574 ritus
320 1515 368 1576 vel
391 1513 554 1589 antiquitus
576 1513 606 1570 in
628 1509 763 1572 Ecclesia
785 1515 851 1571 tum
868 1510 996 1583 Latina,
1021 1517 1087 1573 tum

80 1603 83 1610 '
136 1593 460 1657 Graeca-servaretur.
478 1595 567 1654 llecte
589 1594 678 1654 otiam
700 1596 775 1655 ritus
797 1592 981 1672 mysterium
996 1611 1088 1670 expe

139 1679 185 1738 nit
201 1676 327 1738 'Simeon
349 1675 621 1738 Thessalonicensis
644 1677 674 1735 in
696 1693 800 1755 opere:
816 1675 852 1735 dc
867 1675 970 1737 Sacris
996 1674 1085 1736 Ordi-

138 1761 336 1831 ustionibus,
360 1757 432 1836 Cap.
457 1756 525 1818 VII.
548 1755 710 1819 Osculatur
731 1765 803 1820 eu'm
824 1757 990 1835 Episcopus
1011 1758 1087 1819 con-

138 1849 274 1903 secrator
289 1847 440 1919 tamquam
462 1840 518 1899 sibi
533 1840 685 1906 dilectum,
702 1845 732 1899 et
744 1841 829 1902 velut
842 1841 999 1915 aequalem
1014 1841 1082 1909 sibi,

130 1927 172 1984 et
193 1922 409 1986 sanctificatum
438 1929 468 1982 ct
488 1921 518 1982 in
541 1919 660 1982 Christo
681 1920 865 2000 conjuctom.
888 1922 984 1983 Otiert
1009 1921 1087 1983 Con·
1112 1982 1114 1985 .

101 2001 105 2008 ’
136 2010 275 2066 secretus
297 2003 503 2068 Consecratori
526 2003 599 2064 aluos
621 2021 733 2078 panes,
757 2009 788 2064 et
808 2004 876 2076 dno·
890 2004 996 2065 barilia
1015 2006 1088 2064 vino

138 2086 231 2165 plena
250 2085 336 2164 juxta
367 2091 504 2148 nostrum
525 2083 697 2146 Pontificale
718 2085 913 2167 Romanum,
937 2087 983 2146 vel
1010 2086 1086 2167 duas

142 2164 260 2246 phialas
281 2168 381 2247 plenas
403 2171 496 2235 vino,
520 2185 557 2228 ex
579 2169 760 2245 praescripto
781 2164 999 2243 Pontificalinm
1020 2166 1085 2228 Mo-

142 2251 258 2328 gontini
279 2257 309 2311 et
330 2248 553 2330 Lugdunensis:
569 2249 655 2322 Quod
678 2251 799 2326 quidem
828 2248 937 2324 munus
961 2268 1085 2311 consen-

140 2333 264 2394 tanerim
286 2339 331 2394 est
351 2352 422 2394 cum
443 2332 539 2392 veteri
555 2329 707 2394 Ecclesiae
728 2331 894 2410 disciplina.
918 2330 1021 2392 Ritum
1035 2351 1086 2393 sa·

136 2431 213 2496 crae
227 2413 458 2478 ¹Communionis
478 2431 495 2473 a
512 2420 595 2473 ‘novo
617 2413 765 2493 Episcopo
786 2419 958 2474 consecrato
990 2417 1086 2476 susci·

139 2495 266 2572 piendae
288 2498 327 2557 ita
349 2497 492 2558 describit
506 2492 679 2557 pontificale
694 2494 848 2559 Ecclesiae
862 2494 1081 2573 Lugdunensist

140 2576 299 2660 Postquam
318 2579 514 2642 Consecratur
529 2580 804 2646 communicaverit,
820 2595 894 2657 merc
904 2579 1086 2658 priusquam

135 2657 248 2740 aspira
269 2662 393 2728 obluat,
421 2662 614 2724 Consecratus
636 2679 656 2719 a
673 2659 846 2740 praemissis
878 2657 988 2720 duobus
1010 2657 1084 2740 Epi·

135 2745 234 2820 scopis
265 2754 333 2803 onte
356 2740 462 2802 Altore
494 2739 662 2811 deductus,
687 2741 722 2802 dc
742 2759 836 2803 manu
861 2740 1085 2803 Consecratoris

139 2843 260 2886 sacram
283 2823 417 2885 Hostiam
449 2820 585 2900 recipiat.
609 2823 689 2885 Illud
719 2824 881 2903 praeterea,
907 2823 1087 2884 addiscimus

136 2924 178 2967 ex
200 2903 365 2967 Pontificali
386 2905 585 2974 Graecorum,
608 2925 679 2966 cum
700 2924 755 2983 per
776 2902 1084 2982 seipsumdonsccra-

133 2995 189 3060 ,tus
211 2983 389 3067 Episcopus
407 2987 632 3056 communicet,
657 2993 689 3048 et
708 2986 912 3050 aliis'sacram
934 2984 1085 3057 Euchari-

127 3071 229 3130 -stiam
247 3071 416 3139 distribuat,
435 3088 491 3129 non
508 3066 699 3146 genuflexum
721 3074 788 3129 ante
810 3066 914 3136 altare,
931 3066 983 3127 sed
1006 3073 1086 3128 stan-

133 3155 225 3222 tem,
255 3159 285 3213 et
306 3153 394 3212 altari
426 3152 559 3211 innixum
580 3158 720 3229 oportere
748 3169 820 3211 eum
845 3150 1082 3211 communicare.

139 3231 194 3294 Cui
217 3232 287 3293 ritui
308 3231 477 3294 Romanum
499 3233 620 3310 quidem
634 3230 808 3295 Pontificale
829 3231 985 3306 consentit,
1003 3232 1085 3292 sicut

111 3379 117 3393 ,
139 3315 231 3392 etiam
253 3322 284 3376 et
310 3315 353 3375 illi
375 3313 559 3376 Graecorum
586 3332 682 3393 aeque
710 3333 745 3374 ac
765 3308 939 3384 Latinorum
961 3331 1085 3374 consoc-

127 3396 257 3466 vtudini‚
278 3395 363 3475 juxta
384 3415 474 3474 quam
496 3397 520 3457 is
542 3397 592 3475 qui
615 3399 645 3456 in
666 3394 848 3475 Episcopum
869 3401 1081 3462 consecratur,

127 3477 231 3542 *simul
263 3497 333 3540 curn
354 3477 568 3540 Consecratore
589 3498 645 3546 suo
678 3479 734 3539 sub
757 3484 885 3555 utraque
907 3478 1006 3555 specie
1037 3495 1088 3536 sa·

128 3579 225 3624 vcram
255 3561 478 3625 Eucharistiam
513 3561 652 3642 percipit.
684 3557 872 3643 Corpusne
903 3557 1087 3638 Sanguinem

207 3666 266 3721 Vol.
285 3669 316 3722 1.·
348 3683 355 3700 ²
440 3699 442 3703 -
931 3664 949 3717 6
