2567 4042
451 183 677 257 *937th

79 313 229 383 Sabeon,
254 315 283 374 in
306 333 364 390 qrro
387 315 477 375 etiarn
500 316 619 392 saepius
640 315 676 376 fit
696 315 733 376 de
757 313 1043 394 BeatissimaVirgi·

80 417 147 463 ne,
183 396 249 474 ideo
271 396 401 457 Sabbata
421 403 550 474 quatuor
574 396 683 457 Psalmi
705 416 857 474 nunquam
882 397 1038 459 dicuntur.

80 477 309 552 Quaternarius
331 480 382 540 hic
396 478 586 540 Psalmorum
600 497 748 539 numerus
761 479 892 547 denomt,
915 480 993 555 quod
1009 481 1040 539 in

81 566 217 638 quatuor
240 561 343 620 mnndi
366 562 503 637 partibus
530 559 666 621 doctrina
691 567 819 637 quatuor
841 558 1042 638 Evangelista·

81 661 154 702 rum
179 643 342 710 laudatur,
366 644 406 702 ita
429 641 598 703 Durandus.
623 642 739 702 Verum
762 643 791 702 in
813 641 910 702 Pestis
932 643 1042 702 Psalmi

80 729 143 784 tres
168 724 320 790 dicuntur,
337 730 372 785 ut
394 725 483 785 etiarn
507 729 568 784 toto
591 731 725 803 tempore
746 722 946 793 Pascholi‚ob
969 730 1041 784 tem·

81 806 169 881 poris
191 805 422 884 jucunditatem.
454 805 624 881 Amalarins
646 813 748 866 autern
770 806 834 866 Lib.
858 805 902 866 111
923 806 996 881 Cap.
1020 803 1041 866 3

80 891 144 947 tres
169 887 237 947 ideo
258 885 315 946 dici
343 893 437 964 potat,
461 887 608 964 qniapro
632 888 727 948 tribus
742 885 826 948 horis
847 887 981 948 aPrima
1002 887 1041 947 ad

81 971 209 1028 tertiam
232 969 398 1030 laudandus
420 976 466 1029 cst
486 967 565 1028 Deus
587 969 707 1037 Trinus,
729 975 760 1030 et
781 971 917 1030 armandi
938 987 1042 1030 sumus

79 1058 190 1112 contra
213 1056 274 1112 tres
296 1051 407 1113 hostes.
432 1050 548 1111 Primus
576 1051 735 1117 Psalmus,
759 1049 839 1112 Deus
867 1051 1040 1114 innomine

81 1140 135 1192 tao
162 1143 218 1193 ato.
242 1133 352 1193 dieitur
374 1150 427 1211 pro
450 1139 512 1193 tota
535 1134 693 1194 itinereet
714 1150 805 1193 cnrsu
826 1134 911 1202 diei,
934 1141 1038 1194 contra

81 1212 192 1276 hostes
214 1215 403 1292 aptissimus,
427 1220 457 1276 et
478 1213 612 1276 Psalmus
632 1214 721 1275 Beati
742 1213 954 1283 Immaculati,
977 1215 1042 1294 ple·

81 1311 142 1356 nus
168 1302 216 1358 est
235 1297 340 1356 morali
363 1297 566 1357 instructione.

123 1375 201 1438 Post
223 1376 354 1438 Psalmos
370 1376 487 1438 Primae
510 1376 674 1438 Dominicis
695 1376 801 1438 diebus
821 1378 931 1438 dicitur
952 1376 1041 1456 Sym·

81 1455 189 1519 bolum
214 1460 244 1520 S.
269 1459 433 1520 Athanasio
456 1461 624 1522 tributum:
652 1457 836 1537 Quicumque
856 1460 921 1520 oatt
942 1462 1040 1520 meas

80 1557 155 1620 assa.
182 1541 273 1602 Plura
295 1541 332 1602 de
347 1542 403 1602 hoc
417 1541 559 1619 Symbola
582 1542 612 1599 in
627 1542 747 1619 proprio
768 1542 876 1618 capite.
900 1541 1041 1614 Affirma-

82 1622 110 1680 ri
133 1641 196 1682 non
219 1628 317 1699 potest
342 1641 401 1701 quo
423 1629 558 1700 tempore
579 1620 764 1702 Quicumque
778 1621 915 1683 Romano
935 1622 1042 1684 Officio
1093 1665 1095 1669 -

83 1703 237 1766 insertum
259 1705 360 1766 luerit.
387 1705 500 1766 Verum
523 1705 695 1766 Amalarius
716 1723 751 1766 ea
773 1705 810 1765 de
832 1721 865 1763 rs
885 1707 971 1780 agit,
996 1709 1038 1764 te-

83 1791 243 1862 staturque
265 1792 360 1848 aetate
382 1805 436 1848 sua
456 1785 615 1848 recitatum
637 1785 739 1847 inisse.
756 1785 789 1846 lo
805 1786 920 1864 Regula
935 1785 967 1850 S.
983 1785 1041 1848 Be·

83 1868 198 1928 nedicti
220 1887 293 1930 vero
321 1869 402 1928 nulla
423 1869 491 1948 ejus
519 1869 553 1930 ht
578 1870 691 1928 mentio
721 1887 817 1945 oeque
844 1886 879 1927 aa
912 1869 940 1926 in
963 1885 1040 1929 nova

84 1947 243 2010 Breviario
264 1950 459 2011 Cluniaoensi.
485 1948 665 2010 Hinemarus
693 1941 870 2011 Rhemensis
888 1951 928 2010 >in
943 1949 1038 2029 Syno-

84 2031 122 2092 do
148 2032 278 2107 quadam
301 2051 349 2092 an.
366 2031 435 2096 :sta
456 2033 558 2093 statuit
582 2038 617 2093 ut
638 2031 863 2108 perlegeretur,
892 2039 982 2107 atque
1004 2029 1036 2090 S.

84 2111 245 2173 Athanasii
268 2113 437 2191 symbolum
459 2113 599 2191 appellat.
615 2111 768 2174 Honorius
789 2112 1039 2192 Augustodunen·

83 2195 128 2255 sis
153 2193 219 2254 Lib.
237 2194 264 2256 11
286 2194 358 2272 Cap.
377 2194 415 2257 19
437 2196 530 2256 refert
550 2197 581 2255 in
602 2195 779 2271 qrribusdam
801 2195 944 2280 Ecclepiis
965 2211 1039 2270 que

84 2276 162 2336 tidie
185 2277 220 2334 ad
244 2277 374 2337 Primam
398 2295 466 2337 curn
490 2279 624 2336 oratione
645 2276 799 2338 Trinitatis
815 2273 1039 2356 „Omnipotens

86 2357 144 2436 aui
156 2356 263 2418 dedisti
274 2359 396 2436 {amalis
410 2377 497 2418 cerac
514 2355 597 2420 Fidei
614 2355 779 2426 Trinitatis,
792 2360 951 2426 recitabam
966 2357 1040 2416 luis·

86 2459 132 2500 se.
151 2439 186 2498 ln
209 2438 347 2518 Catalogo
363 2442 512 2500 Abbatum
528 2439 762 2502 Floriacensium
777 2438 893 2506 Tanai
907 2439 1036 2500 Miscell.

86 2521 203 2582 baluzii
216 2521 353 2592 retertur,
366 2521 554 2598 Theodulphi
569 2522 693 2583 Abbatis
710 2528 843 2600 tempore
854 2514 896 2588 al
907 2521 1039 2582 Primam

87 2611 152 2665 tres
175 2601 308 2664 Psalmos
328 2604 460 2681 quotidie
483 2604 627 2680 perlectos
650 2602 758 2671 inisse,
776 2604 967 2682 atqncsspost
987 2619 1039 2663 eos

83 2685 317 2762 explicationem
339 2686 472 2764 Symboli
491 2684 512 2744 S
537 2685 693 2745 Athanasii
709 2687 747 2744 ab
766 2685 815 2746 illo
827 2685 943 2746 Abbate
958 2703 1039 2746 corn·

88 2770 228 2846 positam.
251 2767 336 2827 ldern
357 2769 460 2838 uidere
482 2772 526 2827 est
549 2769 577 2826 in
599 2766 758 2826 Ordinatio
772 2767 803 2827 S.
821 2767 894 2845 Apri
916 2765 1038 2827 Tollen·

85 2851 250 2926 sientque
274 2852 301 2908 in
317 2848 586 2932 Consuetudinibns
607 2846 860 2917 cluniacensibus,
885 2851 923 2930 ab
937 2845 1039 2907 Ulrico

87 2932 223 2992 collectis
238 2930 305 2990 Lib.
322 2931 379 2991 lx.
396 2929 462 2992 Hoc
477 2931 648 3009 symbolum
672 2936 736 3005 post
750 2929 885 2990 Psalmos
907 2929 1041 3007 quotidie

91 3013 260 3078 dicebatur,
280 3017 309 3072 et
325 3014 486 3072 Dominicis
502 3018 567 3092 post
582 3027 696 3088 preces.
714 3009 834 3072 Novurn
849 3012 1040 3072 Breviarlum
1109 3053 1111 3057 -

89 3093 283 3158 Cluniacense
300 3094 381 3155 hunc
395 3112 509 3154 morem
526 3112 584 3153 non
598 3094 739 3161 servavit,
757 3094 807 3153 sed
822 3095 939 3169 penitus
953 3090 1041 3171 Sym·

91 3177 194 3238 bolum
213 3177 268 3236 hoc
286 3177 499 3252 praetermisit.
517 3174 707 3235 Carthusiani
723 3193 842 3250 quoque
858 3175 929 3234 illud
941 3175 1042 3249 quoti·

89 3259 138 3318 die
155 3260 280 3319 recitant
294 3265 361 3334 post
377 3257 508 3318 Psalmos
518 3255 619 3318 Horae
631 3257 760 3317 Primae.
770 3255 835 3316 Mos
846 3256 924 3315 illud
940 3254 1053 3315 Βοιώ-τ

92 3343 166 3400 uicis
181 3346 296 3402 tantum
312 3340 472 3408 recitandi,
497 3339 526 3398 in
541 3339 658 3399 Attonis
672 3339 849 3401 Basileensis
863 3335 1043 3412 Capitulari-
1066 3395 1071 3404 ,

92 3423 149 3483 bus
174 3423 345 3500 reperitur:
379 3419 416 3482 Ut
440 3419 509 3500 fidas
541 3418 572 3479 S.
597 3419 757 3485 Athanasii
786 3439 805 3480 a
834 3416 1051 3480 Sacas-dotibus

93 3503 224 3574 dicatur,
249 3515 276 3564 at
298 3522 335 3564 aa
355 3503 442 3564 corda
464 3502 511 3562 alia
532 3501 748 3561 Dominicoad
769 3499 883 3565 Horam
908 3499 1050 3562 Primam

92 3587 244 3647 recitator.
272 3584 376 3648 Fiebat
400 3592 501 3647 autem
528 3583 558 3643 id
574 3585 761 3644 memoriter.
780 3580 851 3642 Post
864 3581 1049 3665 Symbolum
