2567 4042
485 172 690 245 Uilli}

106 298 290 361 clericalem
305 296 473 358 Tonsuram
496 300 625 377 edoctus
638 304 678 364 sit
694 298 776 361 Fidei
800 301 981 363 rudimenta.
997 300 1072 375 Quis

109 382 196 441 enirn
219 396 277 439 rion
299 385 389 456 turpe
410 388 552 450 censeat.
575 400 612 442 ea
631 381 767 445 Clericus
791 383 930 452 nescire,
954 402 1032 461 qirae
1054 402 1071 444 a

105 461 293 524 Christianis
324 462 463 523 omnibus
485 463 570 525 netas
603 470 651 525 est
670 464 830 542 ignorarit
852 464 955 525 Tertia
977 466 1072 527 susci-

109 542 224 623 pientis
242 540 422 603 clericalem
443 541 612 605 Tonsuram
635 546 766 607 conditio
788 551 845 615 ast,
863 551 897 607 ut
919 547 1018 625 legere
1040 554 1071 611 et

102 623 248 685 ⁴scribere
269 624 354 684 sciat.
377 621 456 687 Cum
470 644 545 687 vero
559 625 726 689 Tridentini
748 626 853 687 Patres
875 626 997 687 minime
1019 646 1071 689 ex-

110 706 260 785 primant,
272 723 333 783 qua
355 704 456 784 liugua
479 707 694 771 Tonsurandus
710 710 810 787 legere
825 716 857 769 et
872 708 1004 770 scribere
1020 708 1071 773 dc·

108 789 195 855 hcet,
218 788 328 849 docent
350 805 409 849 non
430 790 520 866 pauci
540 797 692 856 auctores,
717 790 900 853 intellexisse
920 790 1002 869 ipsos
1015 788 1071 853 Pa·

107 874 179 931 tres
200 868 333 946 linguam
354 871 549 932 vernaculam
572 889 626 932 sen
648 873 831 951 vulgarem,
855 872 894 932 ita
917 878 950 933 nt
972 872 1073 935 valeat

102 948 252 1013 'sensura
282 951 351 1027 quis
371 950 533 1031 insigniri,
556 953 580 1013 si
602 953 706 1033 lingua
730 948 784 1016 sna
806 958 942 1013 materna
969 954 1071 1033 legere

107 1038 143 1093 et
165 1032 302 1093 scribere
323 1032 410 1092 sciat.
432 1034 478 1095 lta
499 1039 603 1096 tonent
624 1034 750 1103 Sollius,
773 1037 809 1095 in
829 1034 949 1097 Selectis
973 1035 1070 1097 Cano·

106 1114 192 1173 aricio
216 1114 291 1194 cap.
316 1111 344 1173 t'
365 1111 447 1176 Num
468 1113 533 1188 vt;
557 1116 698 1190 alacrius,
717 1116 947 1178 Institutionum
969 1114 1072 1181 Mora·

105 1194 190 1257 lisnn
210 1193 300 1255 Pers·
317 1193 358 1255 II
374 1192 438 1257 tto.
466 1196 511 1258 VI
529 1196 603 1275 Cap.
628 1196 683 1269 vt;
708 1196 894 1277 Campanile,
911 1199 941 1257 in
964 1197 1071 1261 Diuer-

101 1280 191 1339 aerio
215 1273 302 1340 Iuris
334 1275 485 1339 Canonici
516 1276 650 1341 Robrica
681 1281 709 1343 t'
738 1280 814 1359 cap.
844 1277 882 1340 II
906 1276 998 1341 Nem.
1024 1279 1070 1343 II.

104 1357 230 1431 Quarta
251 1358 384 1419 conditio
406 1363 468 1431 est,
491 1366 525 1423 nt
547 1377 605 1419 non
626 1362 790 1423 saecularis
809 1359 916 1439 judicii
938 1360 1073 1438 fugiendi

108 1438 222 1501 lraude
242 1439 412 1500 'tonsuram
434 1441 503 1518 quis
524 1446 623 1518 petat,
647 1442 698 1505 sed
723 1449 755 1504 ut
777 1440 842 1503 Deo
865 1441 986 1503 fidelem
1009 1443 1073 1505 cul·

106 1527 179 1582 urm
199 1526 343 1600 praestet.
369 1519 485 1595 Quinta'
502 1522 627 1585 domum
644 1524 775 1585 conditio
797 1528 854 1593 ast,
872 1528 906 1584 nt
927 1520 995 1601 ejus
1010 1523 1072 1585 cul·

106 1608 162 1663 tus
182 1608 275 1680 alque
297 1604 433 1678 obsequii
454 1601 518 1664 Deo
541 1607 711 1682 praestandi
727 1606 827 1683 aliqua
849 1602 1026 1682 conjectura
1041 1605 1071 1665 in

101 1701 148 1744 eo
172 1685 301 1753 eluceat,
318 1685 369 1761 qui
392 1690 588 1764 suscepturus
609 1694 656 1748 est
678 1688 809 1767 primam
831 1685 1011 1747 Tonsorem.

154 1763 210 1827 vt.
235 1763 290 1825 Est
310 1770 342 1827 et
354 1768 560 1829 vetustissima
575 1765 731 1829 Ecclesiae
753 1767 951 1839 consuetudo,
968 1767 1069 1830 ul'0r·

105 1847 310 1907 dinandorum
343 1848 464 1909 aomina
485 1848 605 1924 publice
639 1852 766 1928 proponi
788 1850 931 1911 solerent.
956 1848 1068 1911 Merito

100 1931 216 1998 etiann
240 1935 275 1989 ut
296 1928 595 1991 innumeros‘Palres
616 1937 647 1992 et
669 1931 803 1994 Concilia
825 1932 991 2003 omittam,
1015 1929 1068 2009 Sy·

106 2012 208 2073 nodus
227 2009 271 2070 IV
293 2008 540 2106 Carthaginensis·
557 2012 630 2073 Can.
655 2012 750 2074 XXII
778 2014 907 2074 statuit:
937 2006 972 2073 Ut
994 2010 1069 2093 Epi·

100 2111 215 2242 tttf
231 2093 1068 2261 iiidiiii‘iiiiiiiiitiiiiiiddisi.

100 2258 313 2317 ⁴cramcntario
336 2254 439 2315 Sancti
452 2254 602 2333 Gregorii,
620 2256 672 2316 ubi
693 2259 788 2319 multa
811 2261 918 2317 extant
939 2252 1005 2332 ejus
1020 2258 1066 2317 rei

107 2344 315 2413 argumenta,
339 2338 370 2396 in
392 2355 429 2398 eo
451 2337 516 2397 loco
539 2338 591 2415 qui
613 2338 806 2399 inscribitur:
836 2334 917 2399 Ordo
939 2336 1068 2415 qualiter

107 2422 146 2481 irs
165 2418 306 2479 Romane
327 2416 456 2479 Ecclesia
478 2418 628 2487 Diaconi,
653 2430 680 2479 et
702 2417 872 2501 Presbyteri
903 2416 1069 2479 ordinandi

101 2511 193 2567 sant,
217 2501 259 2559 ila
280 2500 409 2578 legimus
430 2499 533 2560 dicere
553 2502 746 2561 consuevisse
768 2500 958 2567 Pontificem,
982 2504 1067 2560 ante-
1088 2573 1090 2578 ³

108 2600 203 2659 quam
225 2582 306 2659 ipsos
321 2580 485 2641 ordinaret:
507 2580 543 2643 Si
564 2579 746 2660 quiscerem
769 2584 853 2643 labet
868 2580 989 2661 aliquid
1004 2600 1068 2641 con

110 2673 162 2724 tra
181 2662 357 2731 nescires,
417 2662 517 2722 oDee
547 2671 575 2722 et
590 2672 717 2743 propter
739 2664 836 2724 Denm
863 2682 930 2723 cern
957 2662 1068 2744 fidncia

109 2752 199 2805 arat
219 2753 248 2805 et
262 2744 355 2804 dicat.
399 2753 589 2804 erumtomen
601 2762 716 2804 memor
731 2746 771 2805 sit
786 2744 967 2805 conditionis
982 2762 1062 2805 snae.

101 2823 196 2899 ⁴Quae
216 2826 371 2901 disciplina
394 2831 425 2893 et
440 2825 529 2885 hodie
542 2833 695 2898 servatur,
714 2832 748 2887 ut
762 2845 799 2889 ex
815 2824 982 2887 Pontifioali
997 2842 1065 2885 con-

111 2912 180 2969 stat.
203 2906 262 2967 Sed
284 2906 444 2967 dicendum
467 2905 546 2966 hanc
568 2908 672 2984 populi
706 2907 958 2969 consultationem
986 2904 1064 2967 inter

110 2987 174 3064 ipsa
194 2986 399 3048 ordinationis
426 2988 572 3049 solemnia
603 3006 642 3048 ex
663 2989 850 3069 praescripto
883 2984 1064 3050 Pontificalis

109 3066 177 3130 fieri
205 3070 324 3130 solitam
345 3070 384 3130 ab
405 3067 581 3148 Episcopo,
606 3069 717 3131 iactam
746 3088 812 3133 esse
834 3069 957 3131 tandmn
980 3086 1063 3131 mere

111 3152 390 3218 caeremonialem‚
424 3152 454 3209 in
475 3150 603 3229 ejusque
626 3151 727 3213 locum
749 3153 931 3213 successisse
946 3150 1065 3213 hodier-

111 3248 180 3292 nam
201 3247 264 3309 per·
278 3231 461 3300 Paroclrum
484 3252 523 3294 ex
544 3233 686 3312 Episcopi
707 3232 813 3311 jussu,
839 3236 995 3294 nominum
1017 3250 1067 3293 or·

104 3312 310 3375 dinandorum
334 3314 577 3392 publicationem.
601 3314 783 3387 Perochus,
815 3316 863 3375 cui
891 3316 1062 3393 inquirendi

112 3410 166 3471 per
191 3393 375 3475 Episcopum
400 3400 533 3473 potestas
565 3395 644 3456 lacta
673 3395 787 3468 luserit,
816 3396 974 3475 diligenter
1009 3415 1065 3458 sno

113 3477 229 3537 sauneri
250 3495 360 3538 vacare
381 3476 497 3549 debet,
521 3481 554 3538 et
574 3482 610 3538 ut
631 3476 764 3554 loquitur
786 3478 915 3539 Basilius
942 3480 972 3538 in
994 3476 1067 3556 Epi·

107 3558 189 3619 stota
211 3554 284 3627 181,
306 3569 449 3621 accurate
471 3571 498 3621 et
521 3578 589 3621 cam
611 3560 693 3619 omni
714 3558 826 3639 ripere.
842 3556 1002 3621 Caeterum
1026 3560 1062 3617 ad

195 3731 199 3740 1
245 3654 305 3712 Vol.
323 3657 345 3713 l·
678 3739 682 3745 .
910 3652 928 3702 Ι
