2567 4042
586 157 812 233 *tebth-

224 289 288 349 sire
309 288 358 349 die
380 284 478 349 Festo.
513 286 659 349 Trullana
680 306 753 349 vero
776 286 914 367 Synodus
945 306 1016 349 can.
1044 287 1093 347 63
1123 286 1198 351 taba

223 367 408 447 Martyrum.
432 372 622 448 aliorumque
637 370 817 433 Sanctorum
833 369 911 430 Aeta
925 371 984 449 legi
1009 376 1119 441 retat3
1144 371 1199 431 sed

225 470 263 513 ex
288 451 344 511 bae
367 451 578 532 prohibitique,
602 452 701 529 colligi
723 456 821 529 potest
843 454 986 531 genuinas
1011 451 1196 527 Martyrum

225 532 365 594 historias
387 533 489 595 solitas
504 534 595 596 luisse
619 534 689 610 legi.
713 534 744 595 S.
761 532 920 595 Caesarius
939 552 1066 611 quoque
1094 530 1194 593 Serra.

227 612 288 676 tto
310 616 389 693 apud
412 614 444 675 S.
460 615 664 694 Augustinum
681 614 826 677 Actorum
849 616 1022 693 Martyrum
1037 616 1196 681 meminit,

226 715 305 775 quae
321 698 455 773 ipsorum
472 697 557 759 lestis
570 698 758 775 legebantur.
776 695 1033 759 Praetereundum
1052 716 1119 757 non
1135 702 1195 765 est,
1209 768 1211 771 ¹

130 810 134 820 ·
225 779 305 855 qrrod
328 779 499 858 Martyrum
515 779 662 840 lictorum
683 778 788 841 Lectio
809 780 846 839 ad
862 780 983 841 Missam
999 778 1103 839 fiebat
1124 785 1195 839 ante

224 856 391 937 Epistolam
424 867 455 923 el
475 859 700 940 Evangelium‚
724 868 755 923 et
787 860 855 921 hinc
887 862 1042 940 est-quod
1080 862 1191 921 eadem

226 940 304 1003 Acta
326 944 502 1019 quibusdam
533 943 704 1005 Missalibus
744 949 775 1005 et
797 943 1043 1003 Sacramentariis
1076 944 1192 1005 inserta

213 1023 356 1085 ‚luerunt
382 1022 448 1084 Mos
470 1025 525 1085 iste
547 1030 684 1087 servatus
707 1024 764 1087 luit
789 1024 817 1084 in
840 1022 935 1085 Gallia
957 1026 994 1086 ad
1019 1024 1067 1084 tx
1093 1043 1194 1101 usquc

226 1106 407 1173 saeculum,
441 1107 469 1165 in
492 1104 638 1185 Hispania
661 1102 733 1167 vero
756 1104 831 1167 ultra
853 1106 951 1167 X..-
965 1105 1087 1167 Eadem
1119 1108 1194 1167 nra

226 1187 284 1247 sub
298 1186 409 1249 lllissae
425 1189 557 1249 medium
581 1188 808 1267 explicabantur
830 1189 868 1247 ab
883 1186 1044 1267 Episcopo,
1070 1194 1108 1249 et
1123 1188 1194 1248 hinc

227 1270 375 1345 originem
390 1288 475 1329 suam
500 1276 659 1333 traxerunt
674 1269 824 1331 Homiliae
839 1272 902 1329 sive
918 1288 1092 1341 sermones,
1119 1288 1194 1346 quas

229 1348 334 1412 Patres
356 1352 385 1411 in
407 1351 581 1431 Martyrum
603 1352 708 1425 laudes
724 1353 969 1429 pronunciabant.
994 1351 1122 1413 Primae
1141 1349 1194 1411 Hi·

226 1434 339 1494 storiae
361 1433 398 1493 de
414 1431 529 1493 Sanctis
552 1435 580 1493 in
603 1432 701 1494 officio
723 1432 832 1495 Divino
855 1434 1028 1495 habuerunt
1049 1438 1194 1495 aucmrer

227 1512 355 1575 Paulum
372 1515 537 1575 Diaconum
552 1522 584 1576 et
605 1513 774 1577 Usuardum
790 1516 984 1575 Monachum.
1008 1514 1097 1587 Quas
1114 1531 1193 1575 nunc

227 1594 375 1657 habemus
399 1598 543 1657 secundas
567 1596 725 1658 Lectiones
747 1602 777 1657 et
806 1594 956 1658 Historias
978 1596 1193 1665 Sanctorum,

228 1695 284 1737 eae
304 1677 428 1739 luerunt
449 1697 466 1738 a
489 1679 617 1739 Baronio
639 1685 671 1738 et
692 1678 873 1739 Beiiarmiuo
897 1680 1067 1753 recognitae
1092 1684 1128 1737 et
1142 1696 1194 1753 ap-

228 1759 373 1835 probatae
395 1758 451 1819 sub
466 1756 619 1821 Clemente
635 1758 720 1821 Vlll.
737 1758 846 1821 Priscis
868 1759 1054 1836 temporibus
1075 1760 1117 1817 ad
1134 1765 1190 1819 ter·

229 1840 307 1902 bum
322 1838 511 1901 Nocturnum
523 1839 681 1903 Lectiones
703 1859 740 1901 ex
755 1839 840 1901 Novo
858 1841 1049 1902 Testaniento
1064 1840 1193 1901 desum-

229 1926 299 1999 ptae
321 1923 514 1999 legebantur,
536 1923 614 1984 sicut
634 1925 839 1999 etiamusque
860 1922 950 1983 modo
974 1923 1119 1999 leguntur
1143 1923 1192 1983 tri

228 2002 286 2068 bus
308 2005 413 2065 diebus
444 2010 513 2065 ante
534 2002 673 2077 Pascha,
698 2023 755 2063 non
778 2022 851 2065 vero
874 2005 1026 2082 legebatur
1049 2002 1194 2081 Evange-

231 2084 318 2156 lium,
342 2088 411 2162 quia
427 2086 486 2147 hoe
500 2084 611 2147 Missae
626 2085 757 2147 Lectioui
774 2087 955 2149 destinatum
971 2091 1045 2147 erat.
1071 2086 1191 2147 Merum

231 2174 333 2244 postea
356 2170 436 2231 tertii
451 2166 597 2227 Nocturni
620 2168 847 2229 ordo'mutatus
870 2168 937 2228 init.
962 2168 1125 2228 institutus
1146 2174 1192 2229 est

231 2250 312 2317 enim
324 2250 399 2310 ritus
412 2250 526 2325 legendi
535 2246 690 2327 Evangelii
699 2250 913 2311 dicicurrentis
925 2251 1042 2309 initium
1055 2254 1190 2317 tantum,

231 2330 269 2391 ad
286 2333 407 2393 nimiam
419 2330 516 2391 Officii
533 2332 746 2408 longitudinem
763 2332 944 2410 evitandam,
962 2338 993 2391 et
1007 2332 1116 2391 deinde
1127 2330 1192 2391 Ho-

232 2412 359 2479 miliam‚
378 2414 441 2472 sive
463 2410 619 2490 cujusdam
636 2411 734 2473 Patris
755 2412 889 2490 ejusdem
907 2412 1060 2489 Evangelii
1085 2415 1192 2491 expla-

225 2495 395 2554 nationem.
413 2493 522 2555 Censet
532 2492 696 2556 Grancclas
710 2495 791 2556 bunc
807 2511 924 2555 morem
940 2496 1088 2571 originem
1099 2513 1189 2555 snam
1247 2546 1248 2561 y

231 2574 355 2635 trahere
387 2595 424 2635 ex
446 2576 558 2653 Regula
589 2577 620 2637 S.
645 2576 809 2637 Benedicti.
833 2575 914 2635 Olim
941 2576 1026 2637 valde
1053 2577 1190 2654 prolixae

231 2663 319 2717 erant
341 2656 497 2719 Lectiones
528 2676 605 2732 quae
631 2660 834 2741 recitabantur
861 2658 891 2715 in
914 2656 1098 2727 Nocturnis3
1127 2659 1186 2719 Au·

231 2738 339 2797 reliani
361 2740 509 2815 siquidem
533 2738 649 2817 Regula
672 2739 863 2817 praescribit,
889 2746 922 2799 ut
943 2745 1020 2811 tres,
1046 2741 1094 2801 vel
1114 2759 1189 2817 qua·

232 2823 303 2879 tuor
325 2823 449 2897 paginae
472 2822 609 2898 legantur
631 2841 685 2899 pro
700 2820 871 2897 Scriptura;
894 2821 925 2881 S.
942 2818 1098 2883 Caesarius
1114 2838 1188 2881 vero

232 2899 275 2961 ait
297 2906 358 2963 tres
381 2905 502 2980 paginas
531 2903 568 2962 ad
595 2904 727 2980 singulas
757 2904 898 2963 lectiones
928 2903 1067 2979 legendas
1096 2920 1187 2973 esser

232 2978 391 3044 Udalricns
414 2986 443 3043 in
464 2985 740 3046 Consuetudinibus
770 2984 1014 3045 Cluniacensibus
1040 2984 1133 3046 relect
1156 2985 1188 3045 li·

232 3062 322 3124 hrum
344 3062 497 3127 Geneseos
519 3066 764 3145 Septuagesimae
797 3066 986 3127 bebdomada
1020 3068 1187 3145 perlectum
1247 3090 1248 3113 r

233 3143 335 3214 inisse,
353 3146 463 3207 lsaiam
478 3165 531 3208 sex
546 3154 614 3208 ante
625 3148 797 3209 Adventum
811 3147 957 3214 noctibus,
971 3148 1135 3225 Epistolam
1151 3149 1188 3209 ad

232 3224 384 3288 Romanos
400 3230 530 3298 duabus3
548 3230 627 3290 rrnde
642 3228 724 3289 Libri
741 3228 889 3307 cujusque
904 3228 1016 3297 Lectio,
1031 3232 1124 3293 donec
1139 3231 1188 3291 ab·

233 3309 348 3369 solutus
369 3321 459 3384 essct,
478 3311 668 3389 perdurabat,
692 3316 724 3371 et
746 3312 812 3371 ideo
835 3312 950 3385 integra
966 3312 1121 3389 legebatur
1134 3311 1188 3373 Sa·

234 3406 286 3449 cra
301 3388 456 3466 Scriptura
477 3396 506 3453 in
528 3410 620 3453 cursu
634 3388 732 3453 Officii
747 3394 859 3453 Divini.

273 3467 328 3528 lll.
352 3472 419 3533 Mos
442 3474 591 3550 assidendi
619 3474 657 3533 nd
681 3472 839 3535 Lectiones
863 3481 910 3536 est
934 3475 1182 3550 antiquissimus,

126 3596 128 3599 >
234 3558 266 3611 et
279 3552 350 3626 qnia
367 3553 452 3615 valde
466 3555 572 3632 longae
585 3559 684 3624 erant,
711 3560 742 3615 et
757 3562 792 3617 ut
807 3555 917 3634 majori
939 3574 1010 3615 cum
1024 3556 1185 3617 attentione
