<?xml version="1.0" encoding="UTF-8"?>
<!DOCTYPE html PUBLIC "-//W3C//DTD XHTML 1.0 Transitional//EN"
    "http://www.w3.org/TR/xhtml1/DTD/xhtml1-transitional.dtd">
<html xmlns="http://www.w3.org/1999/xhtml" xml:lang="en" lang="en">
 <head>
  <title>
</title>
<meta http-equiv="Content-Type" content="text/html;charset=utf-8" />
  <meta name='ocr-system' content='tesseract 3.04.00' />
  <meta name='ocr-capabilities' content='ocr_page ocr_carea ocr_par ocr_line ocrx_word'/>
</head>
<body>
  <div class='ocr_page' id='page_1' title='image "./institutionesli01marigoog_0304.png"; bbox 0 0 2567 4042; ppageno 0'>
   <div class='ocr_carea' id='block_1_1' title="bbox 637 180 862 253">
    <p class='ocr_par' dir='ltr' id='par_1_1' title="bbox 637 180 862 253">
     <span class='ocr_line' id='line_1_1' title="bbox 637 180 862 253; baseline 0.013 -13"><span class='ocrx_word' id='word_1_1' title='bbox 637 191 699 253; x_wconf 58' lang='lat' dir='ltr'><strong>orm</strong></span> <span class='ocrx_word' id='word_1_2' title='bbox 721 180 862 252; x_wconf 53' lang='lat'><strong>302&amp;-</strong></span> 
     </span>
    </p>
   </div>
   <div class='ocr_carea' id='block_1_2' title="bbox 660 433 846 495">
    <p class='ocr_par' dir='ltr' id='par_1_2' title="bbox 660 433 846 495">
     <span class='ocr_line' id='line_1_2' title="bbox 660 433 846 495; baseline 0.005 -1"><span class='ocrx_word' id='word_1_3' title='bbox 660 433 786 494; x_wconf 78' lang='lat' dir='ltr'>CAPUT</span> <span class='ocrx_word' id='word_1_4' title='bbox 808 433 846 495; x_wconf 94' lang='lat' dir='ltr'><strong>V.</strong></span> 
     </span>
    </p>
   </div>
   <div class='ocr_carea' id='block_1_3' title="bbox 419 642 1107 778">
    <p class='ocr_par' dir='ltr' id='par_1_3' title="bbox 419 642 1107 778">
     <span class='ocr_line' id='line_1_3' title="bbox 419 642 1079 694; baseline 0.015 -11"><span class='ocrx_word' id='word_1_5' title='bbox 419 642 462 685; x_wconf 80' lang='lat' dir='ltr'><strong>lili</strong></span> <span class='ocrx_word' id='word_1_6' title='bbox 485 642 589 685; x_wconf 76' lang='lat' dir='ltr'><strong>VAllllS</strong></span> <span class='ocrx_word' id='word_1_7' title='bbox 611 642 880 688; x_wconf 68' lang='lat' dir='ltr'><strong>constansttonts</strong></span> <span class='ocrx_word' id='word_1_8' title='bbox 901 644 1079 694; x_wconf 69' lang='lat' dir='ltr'><strong>noutnttttlss</strong></span> 
     </span>
     <span class='ocr_line' id='line_1_4' title="bbox 503 724 1107 778; baseline 0.003 -12"><span class='ocrx_word' id='word_1_9' title='bbox 503 724 639 778; x_wconf 68' lang='lat' dir='ltr'><strong>uosque*</strong></span> <span class='ocrx_word' id='word_1_10' title='bbox 661 725 802 772; x_wconf 70' lang='lat' dir='ltr'>MATERIA</span> <span class='ocrx_word' id='word_1_11' title='bbox 826 726 866 770; x_wconf 85' lang='grc' dir='ltr'><strong>ΕΤ</strong></span> <span class='ocrx_word' id='word_1_12' title='bbox 890 725 1009 770; x_wconf 74' lang='lat' dir='ltr'><strong>noant.</strong></span> <span class='ocrx_word' id='word_1_13' title='bbox 1105 753 1107 758; x_wconf 69' lang='lat'><strong>,</strong></span> 
     </span>
    </p>
   </div>
   <div class='ocr_carea' id='block_1_4' title="bbox 189 929 1255 3380">
    <p class='ocr_par' dir='ltr' id='par_1_4' title="bbox 189 929 1255 3380">
     <span class='ocr_line' id='line_1_5' title="bbox 317 929 1210 1012; baseline -0.004 -18"><span class='ocrx_word' id='word_1_14' title='bbox 317 931 341 994; x_wconf 92' lang='grc' dir='ltr'><strong>Ι.</strong></span> <span class='ocrx_word' id='word_1_15' title='bbox 365 929 437 992; x_wconf 87' lang='lat' dir='ltr'><strong>Post</strong></span> <span class='ocrx_word' id='word_1_16' title='bbox 458 931 622 1007; x_wconf 83' lang='lat' dir='ltr'><strong>explicatos</strong></span> <span class='ocrx_word' id='word_1_17' title='bbox 638 929 783 1008; x_wconf 86' lang='lat' dir='ltr'><strong>Baptismi</strong></span> <span class='ocrx_word' id='word_1_18' title='bbox 801 929 839 1012; x_wconf 84' lang='lat'><strong>(1)</strong></span> <span class='ocrx_word' id='word_1_19' title='bbox 863 933 947 1003; x_wconf 89' lang='lat' dir='ltr'><strong>ritus,</strong></span> <span class='ocrx_word' id='word_1_20' title='bbox 964 949 1145 1012; x_wconf 87' lang='lat' dir='ltr'><strong>consequeus</strong></span> <span class='ocrx_word' id='word_1_21' title='bbox 1162 937 1210 1000; x_wconf 88' lang='lat' dir='ltr'><strong>est,</strong></span> 
     </span>
     <span class='ocr_line' id='line_1_6' title="bbox 276 1010 1210 1094; baseline -0.001 -21"><span class='ocrx_word' id='word_1_22' title='bbox 276 1013 375 1088; x_wconf 13' lang='lat' dir='ltr'><strong>utnde</strong></span> <span class='ocrx_word' id='word_1_23' title='bbox 402 1013 450 1073; x_wconf 89' lang='lat' dir='ltr'><strong>his</strong></span> <span class='ocrx_word' id='word_1_24' title='bbox 479 1015 529 1090; x_wconf 90' lang='lat' dir='ltr'><strong>qui</strong></span> <span class='ocrx_word' id='word_1_25' title='bbox 552 1013 781 1074; x_wconf 88' lang='lat' dir='ltr'><strong>Sacramentum</strong></span> <span class='ocrx_word' id='word_1_26' title='bbox 804 1010 1046 1094; x_wconf 86' lang='lat' dir='ltr'><strong>Confirmationis</strong></span> <span class='ocrx_word' id='word_1_27' title='bbox 1073 1018 1210 1090; x_wconf 89' lang='lat' dir='ltr'><strong>spectant,</strong></span> 
     </span>
     <span class='ocr_line' id='line_1_7' title="bbox 276 1093 1211 1173; baseline -0.002 -18"><span class='ocrx_word' id='word_1_28' title='bbox 276 1112 449 1155; x_wconf 90' lang='lat' dir='ltr'><strong>sermonem</strong></span> <span class='ocrx_word' id='word_1_29' title='bbox 479 1097 684 1155; x_wconf 81' lang='lat' dir='ltr'><strong>instituamus.</strong></span> <span class='ocrx_word' id='word_1_30' title='bbox 707 1093 835 1155; x_wconf 84' lang='lat' dir='ltr'><strong>Nomina</strong></span> <span class='ocrx_word' id='word_1_31' title='bbox 864 1096 973 1173; x_wconf 91' lang='lat' dir='ltr'><strong>quibus</strong></span> <span class='ocrx_word' id='word_1_32' title='bbox 1002 1097 1211 1156; x_wconf 74' lang='lat' dir='ltr'><strong>Sacramentum</strong></span> 
     </span>
     <span class='ocr_line' id='line_1_8' title="bbox 278 1173 1211 1253; baseline -0.001 -18"><span class='ocrx_word' id='word_1_33' title='bbox 278 1175 336 1235; x_wconf 90' lang='lat' dir='ltr'><strong>hoc</strong></span> <span class='ocrx_word' id='word_1_34' title='bbox 359 1176 509 1253; x_wconf 86' lang='lat' dir='ltr'><strong>indigitari</strong></span> <span class='ocrx_word' id='word_1_35' title='bbox 531 1177 699 1246; x_wconf 88' lang='lat' dir='ltr'><strong>consuevit,</strong></span> <span class='ocrx_word' id='word_1_36' title='bbox 724 1195 760 1236; x_wconf 86' lang='lat' dir='ltr'><strong>ex</strong></span> <span class='ocrx_word' id='word_1_37' title='bbox 783 1177 881 1253; x_wconf 84' lang='lat' dir='ltr'><strong>ipsius·</strong></span> <span class='ocrx_word' id='word_1_38' title='bbox 896 1173 991 1238; x_wconf 85' lang='lat' dir='ltr'><strong>veluti</strong></span> <span class='ocrx_word' id='word_1_39' title='bbox 1012 1177 1133 1247; x_wconf 87' lang='lat' dir='ltr'><strong>indole,</strong></span> <span class='ocrx_word' id='word_1_40' title='bbox 1153 1175 1211 1236; x_wconf 89' lang='lat' dir='ltr'><strong>elle·</strong></span> 
     </span>
     <span class='ocr_line' id='line_1_9' title="bbox 276 1255 1213 1336; baseline -0.003 -18"><span class='ocrx_word' id='word_1_41' title='bbox 276 1259 376 1318; x_wconf 87' lang='lat' dir='ltr'><strong>etibus</strong></span> <span class='ocrx_word' id='word_1_42' title='bbox 397 1277 432 1319; x_wconf 91' lang='lat' dir='ltr'><strong>ac</strong></span> <span class='ocrx_word' id='word_1_43' title='bbox 455 1259 564 1319; x_wconf 92' lang='lat' dir='ltr'><strong>ritibus</strong></span> <span class='ocrx_word' id='word_1_44' title='bbox 586 1259 744 1336; x_wconf 89' lang='lat' dir='ltr'><strong>desumpta</strong></span> <span class='ocrx_word' id='word_1_45' title='bbox 767 1265 846 1319; x_wconf 89' lang='lat' dir='ltr'><strong>sunt.</strong></span> <span class='ocrx_word' id='word_1_46' title='bbox 878 1255 917 1318; x_wconf 90' lang='lat' dir='ltr'><strong>Et</strong></span> <span class='ocrx_word' id='word_1_47' title='bbox 938 1258 1213 1335; x_wconf 85' lang='lat' dir='ltr'><strong>quoniam1.⁰ma·</strong></span> 
     </span>
     <span class='ocr_line' id='line_1_10' title="bbox 275 1337 1213 1418; baseline 0 -20"><span class='ocrx_word' id='word_1_48' title='bbox 275 1357 372 1398; x_wconf 90' lang='lat' dir='ltr'><strong>nuum</strong></span> <span class='ocrx_word' id='word_1_49' title='bbox 396 1340 584 1418; x_wconf 82' lang='lat' dir='ltr'><strong>impositione</strong></span> <span class='ocrx_word' id='word_1_50' title='bbox 611 1344 644 1400; x_wconf 89' lang='lat' dir='ltr'><strong>et</strong></span> <span class='ocrx_word' id='word_1_51' title='bbox 671 1339 843 1412; x_wconf 81' lang='lat' dir='ltr'><strong>chrismatis</strong></span> <span class='ocrx_word' id='word_1_52' title='bbox 872 1343 1010 1412; x_wconf 84' lang='lat' dir='ltr'><strong>unctione</strong></span> <span class='ocrx_word' id='word_1_53' title='bbox 1037 1340 1110 1400; x_wconf 94' lang='lat' dir='ltr'><strong>illud</strong></span> <span class='ocrx_word' id='word_1_54' title='bbox 1132 1337 1213 1400; x_wconf 83' lang='lat' dir='ltr'><strong>ceule</strong></span> 
     </span>
     <span class='ocr_line' id='line_1_11' title="bbox 278 1418 1213 1502; baseline -0.001 -22"><span class='ocrx_word' id='word_1_55' title='bbox 278 1422 426 1492; x_wconf 88' lang='lat' dir='ltr'><strong>rebatur,</strong></span> <span class='ocrx_word' id='word_1_56' title='bbox 450 1421 519 1481; x_wconf 91' lang='lat' dir='ltr'><strong>hinc</strong></span> <span class='ocrx_word' id='word_1_57' title='bbox 541 1418 649 1480; x_wconf 84' lang='lat' dir='ltr'><strong>monus</strong></span> <span class='ocrx_word' id='word_1_58' title='bbox 670 1422 909 1502; x_wconf 81' lang='lat' dir='ltr'><strong>impositionem,</strong></span> <span class='ocrx_word' id='word_1_59' title='bbox 932 1422 1102 1483; x_wconf 80' lang='lat' dir='ltr'><strong>cirismatis</strong></span> <span class='ocrx_word' id='word_1_60' title='bbox 1123 1421 1213 1484; x_wconf 76' lang='lat' dir='ltr'><strong>Sueto</strong></span> 
     </span>
     <span class='ocr_line' id='line_1_12' title="bbox 274 1503 1210 1581; baseline 0 -21"><span class='ocrx_word' id='word_1_61' title='bbox 274 1506 430 1574; x_wconf 83' lang='lat' dir='ltr'><strong>mentum,</strong></span> <span class='ocrx_word' id='word_1_62' title='bbox 462 1504 603 1566; x_wconf 81' lang='lat' dir='ltr'><strong>Clerisme</strong></span> <span class='ocrx_word' id='word_1_63' title='bbox 630 1513 791 1574; x_wconf 85' lang='lat' dir='ltr'><strong>sanctem,</strong></span> <span class='ocrx_word' id='word_1_64' title='bbox 822 1503 962 1565; x_wconf 83' lang='lat' dir='ltr'><strong>Ciuisme</strong></span> <span class='ocrx_word' id='word_1_65' title='bbox 987 1503 1093 1566; x_wconf 86' lang='lat' dir='ltr'><strong>solutis</strong></span> <span class='ocrx_word' id='word_1_66' title='bbox 1120 1503 1210 1581; x_wconf 87' lang='lat' dir='ltr'><strong>passim</strong></span> 
     </span>
     <span class='ocr_line' id='line_1_13' title="bbox 189 1583 1213 1662; baseline 0.005 -24"><span class='ocrx_word' id='word_1_67' title='bbox 189 1615 202 1638; x_wconf 84' lang='grc'><strong>.</strong></span> <span class='ocrx_word' id='word_1_68' title='bbox 273 1584 498 1661; x_wconf 59' lang='lat' dir='ltr'><strong>,epaunenses</strong></span> <span class='ocrx_word' id='word_1_69' title='bbox 520 1583 748 1644; x_wconf 88' lang='lat' dir='ltr'><strong>denominatum</strong></span> <span class='ocrx_word' id='word_1_70' title='bbox 770 1586 915 1646; x_wconf 80' lang='lat' dir='ltr'><strong>invenias.</strong></span> <span class='ocrx_word' id='word_1_71' title='bbox 936 1584 1023 1658; x_wconf 86' lang='lat' dir='ltr'><strong>Quod</strong></span> <span class='ocrx_word' id='word_1_72' title='bbox 1038 1583 1213 1662; x_wconf 74' lang='lat' dir='ltr'><strong>vero-hujus</strong></span> 
     </span>
     <span class='ocr_line' id='line_1_14' title="bbox 273 1663 1212 1744; baseline 0 -20"><span class='ocrx_word' id='word_1_73' title='bbox 273 1664 356 1724; x_wconf 89' lang='lat' dir='ltr'><strong>modi</strong></span> <span class='ocrx_word' id='word_1_74' title='bbox 379 1663 574 1726; x_wconf 87' lang='lat' dir='ltr'><strong>Sacramento</strong></span> <span class='ocrx_word' id='word_1_75' title='bbox 597 1665 694 1725; x_wconf 80' lang='lat' dir='ltr'><strong>veluti</strong></span> <span class='ocrx_word' id='word_1_76' title='bbox 716 1667 846 1742; x_wconf 88' lang='lat' dir='ltr'><strong>quodam</strong></span> <span class='ocrx_word' id='word_1_77' title='bbox 867 1665 978 1728; x_wconf 86' lang='lat' dir='ltr'><strong>Christi</strong></span> <span class='ocrx_word' id='word_1_78' title='bbox 1008 1667 1107 1744; x_wconf 85' lang='lat' dir='ltr'><strong>sigillo</strong></span> <span class='ocrx_word' id='word_1_79' title='bbox 1135 1665 1212 1726; x_wconf 88' lang='lat' dir='ltr'><strong>cousi·</strong></span> 
     </span>
     <span class='ocr_line' id='line_1_15' title="bbox 275 1743 1210 1826; baseline 0.011 -23"><span class='ocrx_word' id='word_1_80' title='bbox 275 1750 405 1823; x_wconf 77' lang='lat' dir='ltr'><strong>guantur</strong></span> <span class='ocrx_word' id='word_1_81' title='bbox 437 1755 468 1808; x_wconf 91' lang='lat' dir='ltr'><strong>et</strong></span> <span class='ocrx_word' id='word_1_82' title='bbox 489 1743 596 1825; x_wconf 85' lang='lat' dir='ltr'><strong>pignus</strong></span> <span class='ocrx_word' id='word_1_83' title='bbox 624 1748 657 1805; x_wconf 90' lang='lat' dir='ltr'><strong>iu.</strong></span> <span class='ocrx_word' id='word_1_84' title='bbox 677 1749 816 1810; x_wconf 84' lang='lat' dir='ltr'><strong>cordibus</strong></span> <span class='ocrx_word' id='word_1_85' title='bbox 838 1750 899 1808; x_wconf 86' lang='lat' dir='ltr'><strong>suls</strong></span> <span class='ocrx_word' id='word_1_86' title='bbox 922 1747 1023 1809; x_wconf 89' lang='lat' dir='ltr'><strong>fideles</strong></span> <span class='ocrx_word' id='word_1_87' title='bbox 1050 1751 1210 1826; x_wconf 75' lang='lat' dir='ltr'><strong>accipiunt,</strong></span> 
     </span>
     <span class='ocr_line' id='line_1_16' title="bbox 276 1823 1214 1910; baseline 0.003 -27"><span class='ocrx_word' id='word_1_88' title='bbox 276 1833 436 1904; x_wconf 87' lang='lat' dir='ltr'><strong>propterea</strong></span> <span class='ocrx_word' id='word_1_89' title='bbox 458 1823 678 1905; x_wconf 59' lang='lat' dir='ltr'><strong>simeonium,</strong></span> <span class='ocrx_word' id='word_1_90' title='bbox 703 1829 828 1890; x_wconf 78' lang='lat' dir='ltr'><strong>Domini</strong></span> <span class='ocrx_word' id='word_1_91' title='bbox 852 1827 1024 1908; x_wconf 82' lang='lat' dir='ltr'><strong>Spiritnole-</strong></span> <span class='ocrx_word' id='word_1_92' title='bbox 1040 1831 1214 1910; x_wconf 75' lang='lat' dir='ltr'><strong>siqnocnlnn</strong></span> 
     </span>
     <span class='ocr_line' id='line_1_17' title="bbox 273 1911 1211 1991; baseline 0.002 -25"><span class='ocrx_word' id='word_1_93' title='bbox 273 1915 474 1991; x_wconf 70' lang='lat' dir='ltr'><strong>nuncupetur.</strong></span> <span class='ocrx_word' id='word_1_94' title='bbox 496 1911 623 1987; x_wconf 88' lang='lat' dir='ltr'><strong>Insuper</strong></span> <span class='ocrx_word' id='word_1_95' title='bbox 652 1917 802 1989; x_wconf 89' lang='lat' dir='ltr'><strong>comper</strong></span> <span class='ocrx_word' id='word_1_96' title='bbox 830 1911 921 1988; x_wconf 85' lang='lat' dir='ltr'><strong>hujus</strong></span> <span class='ocrx_word' id='word_1_97' title='bbox 943 1911 1129 1972; x_wconf 89' lang='lat' dir='ltr'><strong>Sacramenti</strong></span> <span class='ocrx_word' id='word_1_98' title='bbox 1159 1927 1211 1988; x_wconf 79' lang='lat' dir='ltr'><strong>gra·</strong></span> 
     </span>
     <span class='ocr_line' id='line_1_18' title="bbox 276 1989 1213 2070; baseline 0.002 -22"><span class='ocrx_word' id='word_1_99' title='bbox 276 1990 349 2049; x_wconf 85' lang='lat' dir='ltr'><strong>tiam</strong></span> <span class='ocrx_word' id='word_1_100' title='bbox 373 1989 554 2070; x_wconf 86' lang='lat' dir='ltr'><strong>christianus</strong></span> <span class='ocrx_word' id='word_1_101' title='bbox 570 1989 742 2070; x_wconf 88' lang='lat' dir='ltr'><strong>perficiatur</strong></span> <span class='ocrx_word' id='word_1_102' title='bbox 757 2011 792 2052; x_wconf 91' lang='lat' dir='ltr'><strong>ac</strong></span> <span class='ocrx_word' id='word_1_103' title='bbox 804 2000 1042 2066; x_wconf 86' lang='lat' dir='ltr'><strong>consummetur,</strong></span> <span class='ocrx_word' id='word_1_104' title='bbox 1056 1999 1087 2054; x_wconf 84' lang='lat' dir='ltr'><strong>et</strong></span> <span class='ocrx_word' id='word_1_105' title='bbox 1102 1995 1213 2054; x_wconf 88' lang='lat' dir='ltr'><strong>caeleste</strong></span> 
     </span>
     <span class='ocr_line' id='line_1_19' title="bbox 269 2072 1214 2154; baseline 0.002 -24"><span class='ocrx_word' id='word_1_106' title='bbox 269 2072 370 2132; x_wconf 81' lang='lat' dir='ltr'><strong>&#39;robur</strong></span> <span class='ocrx_word' id='word_1_107' title='bbox 385 2072 498 2142; x_wconf 87' lang='lat' dir='ltr'><strong>induat,</strong></span> <span class='ocrx_word' id='word_1_108' title='bbox 515 2074 631 2134; x_wconf 88' lang='lat' dir='ltr'><strong>dictum</strong></span> <span class='ocrx_word' id='word_1_109' title='bbox 654 2080 815 2150; x_wconf 85' lang='lat' dir='ltr'><strong>propterea</strong></span> <span class='ocrx_word' id='word_1_110' title='bbox 830 2079 875 2136; x_wconf 90' lang='lat' dir='ltr'><strong>est</strong></span> <span class='ocrx_word' id='word_1_111' title='bbox 890 2073 1046 2154; x_wconf 71' lang='lat' dir='ltr'><strong>Perfectim</strong></span> <span class='ocrx_word' id='word_1_112' title='bbox 1061 2080 1093 2136; x_wconf 86' lang='lat' dir='ltr'><strong>et</strong></span> <span class='ocrx_word' id='word_1_113' title='bbox 1112 2073 1214 2154; x_wconf 73' lang='lat' dir='ltr'><strong>Confir-</strong></span> 
     </span>
     <span class='ocr_line' id='line_1_20' title="bbox 218 2155 1215 2234; baseline 0.002 -22"><span class='ocrx_word' id='word_1_114' title='bbox 218 2162 220 2164; x_wconf 80' lang='grc'><strong>’</strong></span> <span class='ocrx_word' id='word_1_115' title='bbox 273 2156 380 2224; x_wconf 86' lang='lat' dir='ltr'><strong>matio,</strong></span> <span class='ocrx_word' id='word_1_116' title='bbox 393 2155 541 2214; x_wconf 84' lang='lat' dir='ltr'><strong>vocabulo</strong></span> <span class='ocrx_word' id='word_1_117' title='bbox 562 2170 620 2214; x_wconf 92' lang='lat' dir='ltr'><strong>uon</strong></span> <span class='ocrx_word' id='word_1_118' title='bbox 641 2172 747 2215; x_wconf 87' lang='lat' dir='ltr'><strong>recens</strong></span> <span class='ocrx_word' id='word_1_119' title='bbox 770 2157 900 2227; x_wconf 91' lang='lat' dir='ltr'><strong>inducto,</strong></span> <span class='ocrx_word' id='word_1_120' title='bbox 915 2161 947 2218; x_wconf 92' lang='lat' dir='ltr'><strong>ut</strong></span> <span class='ocrx_word' id='word_1_121' title='bbox 970 2156 1070 2233; x_wconf 88' lang='lat' dir='ltr'><strong>inepte</strong></span> <span class='ocrx_word' id='word_1_122' title='bbox 1093 2157 1215 2234; x_wconf 85' lang='lat' dir='ltr'><strong>garriunt</strong></span> 
     </span>
     <span class='ocr_line' id='line_1_21' title="bbox 214 2232 1215 2318; baseline -0.002 -24"><span class='ocrx_word' id='word_1_123' title='bbox 214 2311 217 2315; x_wconf 20' lang='lat'>¹</span> <span class='ocrx_word' id='word_1_124' title='bbox 274 2233 489 2305; x_wconf 90' lang='lat' dir='ltr'><strong>Protestantes,</strong></span> <span class='ocrx_word' id='word_1_125' title='bbox 507 2232 559 2296; x_wconf 84' lang='lat' dir='ltr'><strong>sed</strong></span> <span class='ocrx_word' id='word_1_126' title='bbox 582 2234 759 2312; x_wconf 86' lang='lat' dir='ltr'><strong>jamdudum</strong></span> <span class='ocrx_word' id='word_1_127' title='bbox 782 2243 925 2318; x_wconf 89' lang='lat' dir='ltr'><strong>usurpato</strong></span> <span class='ocrx_word' id='word_1_128' title='bbox 942 2244 976 2299; x_wconf 89' lang='lat' dir='ltr'><strong>ut</strong></span> <span class='ocrx_word' id='word_1_129' title='bbox 990 2243 1104 2316; x_wconf 86' lang='lat' dir='ltr'><strong>pateta</strong></span> <span class='ocrx_word' id='word_1_130' title='bbox 1124 2235 1215 2298; x_wconf 90' lang='lat' dir='ltr'><strong>Conci·</strong></span> 
     </span>
     <span class='ocr_line' id='line_1_22' title="bbox 275 2313 1212 2388; baseline 0 -12"><span class='ocrx_word' id='word_1_131' title='bbox 275 2316 316 2376; x_wconf 95' lang='lat' dir='ltr'><strong>lio</strong></span> <span class='ocrx_word' id='word_1_132' title='bbox 333 2314 345 2374; x_wconf 97' lang='lat' dir='ltr'><strong>l</strong></span> <span class='ocrx_word' id='word_1_133' title='bbox 364 2315 549 2377; x_wconf 81' lang='lat' dir='ltr'><strong>Arausieauo</strong></span> <span class='ocrx_word' id='word_1_134' title='bbox 564 2335 642 2376; x_wconf 91' lang='lat' dir='ltr'><strong>anno</strong></span> <span class='ocrx_word' id='word_1_135' title='bbox 659 2313 730 2388; x_wconf 73' lang='lat' dir='ltr'><strong>lilt23</strong></span> <span class='ocrx_word' id='word_1_136' title='bbox 747 2337 764 2378; x_wconf 91' lang='lat' dir='ltr'><strong>a</strong></span> <span class='ocrx_word' id='word_1_137' title='bbox 781 2320 869 2380; x_wconf 88' lang='lat' dir='ltr'><strong>tertio</strong></span> <span class='ocrx_word' id='word_1_138' title='bbox 880 2319 1049 2381; x_wconf 83' lang='lat' dir='ltr'><strong>Arelatensi</strong></span> <span class='ocrx_word' id='word_1_139' title='bbox 1063 2337 1140 2381; x_wconf 87' lang='lat' dir='ltr'><strong>anno</strong></span> <span class='ocrx_word' id='word_1_140' title='bbox 1151 2315 1212 2387; x_wconf 66' lang='lat' dir='ltr'><strong>tte</strong></span> 
     </span>
     <span class='ocr_line' id='line_1_23' title="bbox 242 2395 1215 2478; baseline 0.003 -21"><span class='ocrx_word' id='word_1_141' title='bbox 242 2401 244 2403; x_wconf 79' lang='grc'><strong>’</strong></span> <span class='ocrx_word' id='word_1_142' title='bbox 276 2415 293 2457; x_wconf 88' lang='lat' dir='ltr'><strong>a</strong></span> <span class='ocrx_word' id='word_1_143' title='bbox 310 2396 342 2478; x_wconf 70' lang='lat' dir='ltr'><strong>S.</strong></span> <span class='ocrx_word' id='word_1_144' title='bbox 359 2395 478 2457; x_wconf 86' lang='lat' dir='ltr'><strong>Hilario</strong></span> <span class='ocrx_word' id='word_1_145' title='bbox 494 2397 673 2468; x_wconf 80' lang='lat' dir='ltr'><strong>Arelatensi,</strong></span> <span class='ocrx_word' id='word_1_146' title='bbox 687 2401 739 2474; x_wconf 90' lang='lat' dir='ltr'><strong>qui</strong></span> <span class='ocrx_word' id='word_1_147' title='bbox 761 2401 938 2477; x_wconf 86' lang='lat' dir='ltr'><strong>subscripsit</strong></span> <span class='ocrx_word' id='word_1_148' title='bbox 952 2398 1084 2460; x_wconf 89' lang='lat' dir='ltr'><strong>Concilio</strong></span> <span class='ocrx_word' id='word_1_149' title='bbox 1099 2400 1114 2461; x_wconf 92' lang='lat' dir='ltr'><strong>l</strong></span> <span class='ocrx_word' id='word_1_150' title='bbox 1134 2399 1215 2460; x_wconf 75' lang='lat' dir='ltr'><strong>Arau-</strong></span> 
     </span>
     <span class='ocr_line' id='line_1_24' title="bbox 273 2477 1215 2560; baseline 0.002 -22"><span class='ocrx_word' id='word_1_151' title='bbox 273 2479 404 2546; x_wconf 69' lang='lat' dir='ltr'><strong>sicau&#39;o,</strong></span> <span class='ocrx_word' id='word_1_152' title='bbox 417 2477 552 2540; x_wconf 75' lang='lat' dir='ltr'><strong>Homolio</strong></span> <span class='ocrx_word' id='word_1_153' title='bbox 573 2479 608 2540; x_wconf 83' lang='lat' dir='ltr'><strong>de</strong></span> <span class='ocrx_word' id='word_1_154' title='bbox 629 2478 798 2542; x_wconf 79' lang='lat' dir='ltr'><strong>Pentecoste</strong></span> <span class='ocrx_word' id='word_1_155' title='bbox 813 2489 921 2558; x_wconf 77' lang='lat' dir='ltr'><strong>,quae</strong></span> <span class='ocrx_word' id='word_1_156' title='bbox 942 2483 1033 2560; x_wconf 82' lang='lat' dir='ltr'><strong>vulgo</strong></span> <span class='ocrx_word' id='word_1_157' title='bbox 1056 2499 1126 2542; x_wconf 88' lang='lat' dir='ltr'><strong>cum</strong></span> <span class='ocrx_word' id='word_1_158' title='bbox 1147 2485 1215 2540; x_wconf 83' lang='lat' dir='ltr'><strong>cete·</strong></span> 
     </span>
     <span class='ocr_line' id='line_1_25' title="bbox 272 2560 1212 2632; baseline 0.004 -14"><span class='ocrx_word' id='word_1_159' title='bbox 272 2561 315 2620; x_wconf 88' lang='lat' dir='ltr'><strong>ris</strong></span> <span class='ocrx_word' id='word_1_160' title='bbox 337 2560 391 2619; x_wconf 90' lang='lat' dir='ltr'><strong>sub</strong></span> <span class='ocrx_word' id='word_1_161' title='bbox 414 2562 535 2621; x_wconf 88' lang='lat' dir='ltr'><strong>nomine</strong></span> <span class='ocrx_word' id='word_1_162' title='bbox 556 2561 680 2632; x_wconf 90' lang='lat' dir='ltr'><strong>Eusebii</strong></span> <span class='ocrx_word' id='word_1_163' title='bbox 708 2561 857 2626; x_wconf 89' lang='lat' dir='ltr'><strong>Emisseoi</strong></span> <span class='ocrx_word' id='word_1_164' title='bbox 887 2564 1004 2624; x_wconf 89' lang='lat' dir='ltr'><strong>laudari</strong></span> <span class='ocrx_word' id='word_1_165' title='bbox 1032 2563 1119 2624; x_wconf 87' lang='lat' dir='ltr'><strong>solet.</strong></span> <span class='ocrx_word' id='word_1_166' title='bbox 1141 2560 1212 2622; x_wconf 88' lang='lat' dir='ltr'><strong>Unde</strong></span> 
     </span>
     <span class='ocr_line' id='line_1_26' title="bbox 267 2641 1212 2718; baseline 0.003 -18"><span class='ocrx_word' id='word_1_167' title='bbox 267 2641 352 2711; x_wconf 74' lang='lat' dir='ltr'><strong>Beda</strong></span> <span class='ocrx_word' id='word_1_168' title='bbox 375 2643 427 2718; x_wconf 94' lang='lat' dir='ltr'><strong>qui</strong></span> <span class='ocrx_word' id='word_1_169' title='bbox 450 2661 527 2702; x_wconf 90' lang='lat' dir='ltr'><strong>anuo</strong></span> <span class='ocrx_word' id='word_1_170' title='bbox 549 2641 611 2704; x_wconf 79' lang='lat'><strong>735</strong></span> <span class='ocrx_word' id='word_1_171' title='bbox 633 2650 803 2708; x_wconf 76' lang='lat' dir='ltr'><strong>extremum</strong></span> <span class='ocrx_word' id='word_1_172' title='bbox 827 2645 905 2706; x_wconf 89' lang='lat' dir='ltr'><strong>diem</strong></span> <span class='ocrx_word' id='word_1_173' title='bbox 927 2645 1011 2712; x_wconf 93' lang='lat' dir='ltr'><strong>obiit,</strong></span> <span class='ocrx_word' id='word_1_174' title='bbox 1035 2643 1212 2706; x_wconf 88' lang='lat' dir='ltr'><strong>Commenta·</strong></span> 
     </span>
     <span class='ocr_line' id='line_1_27' title="bbox 271 2722 1210 2806; baseline 0.004 -24"><span class='ocrx_word' id='word_1_175' title='bbox 271 2724 317 2783; x_wconf 90' lang='lat' dir='ltr'><strong>rio</strong></span> <span class='ocrx_word' id='word_1_176' title='bbox 340 2723 369 2781; x_wconf 93' lang='lat' dir='ltr'><strong>in</strong></span> <span class='ocrx_word' id='word_1_177' title='bbox 385 2722 543 2784; x_wconf 29' lang='lat' dir='ltr'><strong>‘Psalmum</strong></span> <span class='ocrx_word' id='word_1_178' title='bbox 565 2724 618 2795; x_wconf 74' lang='lat'><strong>26,</strong></span> <span class='ocrx_word' id='word_1_179' title='bbox 641 2729 767 2786; x_wconf 85' lang='lat' dir='ltr'><strong>testatur</strong></span> <span class='ocrx_word' id='word_1_180' title='bbox 788 2743 844 2787; x_wconf 90' lang='lat' dir='ltr'><strong>suo</strong></span> <span class='ocrx_word' id='word_1_181' title='bbox 863 2730 999 2806; x_wconf 87' lang='lat' dir='ltr'><strong>tempore</strong></span> <span class='ocrx_word' id='word_1_182' title='bbox 1028 2728 1210 2794; x_wconf 84' lang='lat' dir='ltr'><strong>unctionem,</strong></span> 
     </span>
     <span class='ocr_line' id='line_1_28' title="bbox 205 2807 1212 2886; baseline 0.002 -21"><span class='ocrx_word' id='word_1_183' title='bbox 205 2817 208 2820; x_wconf 80' lang='grc'><strong>’</strong></span> <span class='ocrx_word' id='word_1_184' title='bbox 237 2827 242 2835; x_wconf 62' lang='grc'><strong><em>’</em></strong></span> <span class='ocrx_word' id='word_1_185' title='bbox 271 2823 349 2882; x_wconf 92' lang='lat' dir='ltr'><strong>quae</strong></span> <span class='ocrx_word' id='word_1_186' title='bbox 381 2823 436 2881; x_wconf 90' lang='lat' dir='ltr'><strong>per</strong></span> <span class='ocrx_word' id='word_1_187' title='bbox 461 2824 607 2866; x_wconf 84' lang='lat' dir='ltr'><strong>manuum</strong></span> <span class='ocrx_word' id='word_1_188' title='bbox 639 2807 861 2884; x_wconf 86' lang='lat' dir='ltr'><strong>impositionem</strong></span> <span class='ocrx_word' id='word_1_189' title='bbox 887 2807 976 2869; x_wconf 88' lang='lat' dir='ltr'><strong>datur</strong></span> <span class='ocrx_word' id='word_1_190' title='bbox 1004 2809 1042 2868; x_wconf 88' lang='lat' dir='ltr'><strong>ab</strong></span> <span class='ocrx_word' id='word_1_191' title='bbox 1070 2807 1212 2886; x_wconf 81' lang='lat' dir='ltr'><strong>Episcopis</strong></span> 
     </span>
     <span class='ocr_line' id='line_1_29' title="bbox 270 2885 1212 2968; baseline 0.001 -20"><span class='ocrx_word' id='word_1_192' title='bbox 270 2889 361 2966; x_wconf 82' lang='lat' dir='ltr'><strong>vulgo</strong></span> <span class='ocrx_word' id='word_1_193' title='bbox 372 2885 638 2948; x_wconf 83' lang='lat' dir='ltr'><strong>Confirmatiouem</strong></span> <span class='ocrx_word' id='word_1_194' title='bbox 654 2887 797 2966; x_wconf 85' lang='lat' dir='ltr'><strong>appellari</strong></span> <span class='ocrx_word' id='word_1_195' title='bbox 813 2889 930 2951; x_wconf 86' lang='lat' dir='ltr'><strong>solitam</strong></span> <span class='ocrx_word' id='word_1_196' title='bbox 941 2891 1044 2960; x_wconf 87' lang='lat' dir='ltr'><strong>luisse;</strong></span> <span class='ocrx_word' id='word_1_197' title='bbox 1061 2909 1120 2968; x_wconf 95' lang='lat' dir='ltr'><strong>quo</strong></span> <span class='ocrx_word' id='word_1_198' title='bbox 1135 2892 1212 2953; x_wconf 84' lang='lat' dir='ltr'><strong>etiarn</strong></span> 
     </span>
     <span class='ocr_line' id='line_1_30' title="bbox 268 2967 1212 3049; baseline 0.002 -21"><span class='ocrx_word' id='word_1_199' title='bbox 268 2970 391 3049; x_wconf 24' lang='lat' dir='ltr'><strong>&#39;nomine</strong></span> <span class='ocrx_word' id='word_1_200' title='bbox 413 2987 431 3028; x_wconf 87' lang='lat' dir='ltr'><strong>a</strong></span> <span class='ocrx_word' id='word_1_201' title='bbox 452 2967 594 3030; x_wconf 77' lang='lat' dir='ltr'><strong>Consiliis</strong></span> <span class='ocrx_word' id='word_1_202' title='bbox 615 2969 790 3032; x_wconf 87' lang='lat' dir='ltr'><strong>Florentino</strong></span> <span class='ocrx_word' id='word_1_203' title='bbox 811 2977 842 3033; x_wconf 87' lang='lat' dir='ltr'><strong>et</strong></span> <span class='ocrx_word' id='word_1_204' title='bbox 863 2969 1048 3043; x_wconf 87' lang='lat' dir='ltr'><strong>Tridentino,</strong></span> <span class='ocrx_word' id='word_1_205' title='bbox 1072 2979 1104 3034; x_wconf 87' lang='lat' dir='ltr'><strong>et</strong></span> <span class='ocrx_word' id='word_1_206' title='bbox 1123 2992 1140 3033; x_wconf 90' lang='lat' dir='ltr'><strong>a</strong></span> <span class='ocrx_word' id='word_1_207' title='bbox 1161 2977 1212 3033; x_wconf 89' lang='lat' dir='ltr'><strong>tota</strong></span> 
     </span>
     <span class='ocr_line' id='line_1_31' title="bbox 266 3049 1211 3129; baseline 0.001 -19"><span class='ocrx_word' id='word_1_208' title='bbox 266 3049 407 3111; x_wconf 77' lang='lat' dir='ltr'><strong>Ecclesia</strong></span> <span class='ocrx_word' id='word_1_209' title='bbox 430 3049 507 3111; x_wconf 82' lang='lat' dir='ltr'><strong>solet</strong></span> <span class='ocrx_word' id='word_1_210' title='bbox 529 3051 689 3129; x_wconf 79' lang='lat' dir='ltr'><strong>appellari.</strong></span> <span class='ocrx_word' id='word_1_211' title='bbox 703 3051 927 3128; x_wconf 83' lang='lat' dir='ltr'><strong>Pertractarunt</strong></span> <span class='ocrx_word' id='word_1_212' title='bbox 947 3055 984 3113; x_wconf 89' lang='lat' dir='ltr'><strong>de</strong></span> <span class='ocrx_word' id='word_1_213' title='bbox 1007 3053 1054 3114; x_wconf 91' lang='lat' dir='ltr'><strong>his</strong></span> <span class='ocrx_word' id='word_1_214' title='bbox 1071 3053 1211 3115; x_wconf 88' lang='lat' dir='ltr'><strong>vocabulis</strong></span> 
     </span>
     <span class='ocr_line' id='line_1_32' title="bbox 270 3130 1255 3211; baseline 0.002 -19"><span class='ocrx_word' id='word_1_215' title='bbox 270 3131 394 3202; x_wconf 79' lang='lat' dir='ltr'><strong>Belius,</strong></span> <span class='ocrx_word' id='word_1_216' title='bbox 419 3130 567 3202; x_wconf 87' lang='lat' dir='ltr'><strong>Poucius‚</strong></span> <span class='ocrx_word' id='word_1_217' title='bbox 592 3131 833 3210; x_wconf 84' lang='lat' dir='ltr'><strong>Farvacquesins</strong></span> <span class='ocrx_word' id='word_1_218' title='bbox 847 3135 861 3206; x_wconf 87' lang='lat'><strong>,&#39;</strong></span> <span class='ocrx_word' id='word_1_219' title='bbox 879 3136 1032 3211; x_wconf 86' lang='lat' dir='ltr'><strong>ceterique</strong></span> <span class='ocrx_word' id='word_1_220' title='bbox 1054 3136 1190 3202; x_wconf 75' lang='lat' dir='ltr'><strong>Theoloei</strong></span> <span class='ocrx_word' id='word_1_221' title='bbox 1205 3156 1211 3189; x_wconf 83' lang='lat'><em>2</em></span> <span class='ocrx_word' id='word_1_222' title='bbox 1254 3168 1255 3171; x_wconf 61' lang='lat'><em>=</em></span> 
     </span>
     <span class='ocr_line' id='line_1_33' title="bbox 269 3213 1210 3299; baseline 0.002 -25"><span class='ocrx_word' id='word_1_223' title='bbox 269 3215 419 3293; x_wconf 79' lang='lat' dir='ltr'><strong>exquisite</strong></span> <span class='ocrx_word' id='word_1_224' title='bbox 433 3219 557 3299; x_wconf 66' lang='lat' dir='ltr'><strong>autem,</strong></span> <span class='ocrx_word' id='word_1_225' title='bbox 575 3220 605 3276; x_wconf 91' lang='lat' dir='ltr'><strong>et</strong></span> <span class='ocrx_word' id='word_1_226' title='bbox 621 3215 787 3277; x_wconf 87' lang='lat' dir='ltr'><strong>luculenter</strong></span> <span class='ocrx_word' id='word_1_227' title='bbox 802 3213 964 3288; x_wconf 68' lang='lat' dir='ltr'><strong>Liuianus,</strong></span> <span class='ocrx_word' id='word_1_228' title='bbox 982 3217 1011 3276; x_wconf 91' lang='lat' dir='ltr'><strong>in</strong></span> <span class='ocrx_word' id='word_1_229' title='bbox 1027 3217 1123 3280; x_wconf 90' lang='lat' dir='ltr'><strong>altera</strong></span> <span class='ocrx_word' id='word_1_230' title='bbox 1138 3239 1159 3296; x_wconf 74' lang='lat' dir='ltr'><strong>p:</strong></span> <span class='ocrx_word' id='word_1_231' title='bbox 1199 3234 1210 3276; x_wconf 91' lang='lat' dir='ltr'><strong>e</strong></span> 
     </span>
     <span class='ocr_line' id='line_1_34' title="bbox 271 3294 1212 3380; baseline 0.006 -26"><span class='ocrx_word' id='word_1_232' title='bbox 271 3294 455 3374; x_wconf 78' lang='lat' dir='ltr'><strong>Apolopiee‚</strong></span> <span class='ocrx_word' id='word_1_233' title='bbox 479 3301 510 3356; x_wconf 93' lang='lat' dir='ltr'><strong>et</strong></span> <span class='ocrx_word' id='word_1_234' title='bbox 530 3295 597 3356; x_wconf 90' lang='lat' dir='ltr'><strong>Lib.</strong></span> <span class='ocrx_word' id='word_1_235' title='bbox 621 3295 666 3356; x_wconf 90' lang='lat' dir='ltr'><strong>tv</strong></span> <span class='ocrx_word' id='word_1_236' title='bbox 688 3295 853 3380; x_wconf 85' lang='lat' dir='ltr'><strong>Panopliee</strong></span> <span class='ocrx_word' id='word_1_237' title='bbox 875 3295 948 3378; x_wconf 87' lang='lat' dir='ltr'><strong>Cap.</strong></span> <span class='ocrx_word' id='word_1_238' title='bbox 974 3297 1015 3372; x_wconf 74' lang='lat'><strong>63</strong></span> <span class='ocrx_word' id='word_1_239' title='bbox 1040 3299 1155 3362; x_wconf 85' lang='lat' dir='ltr'><strong>Durant</strong></span> <span class='ocrx_word' id='word_1_240' title='bbox 1205 3341 1212 3376; x_wconf 74' lang='lat'><strong>,</strong></span> 
     </span>
    </p>
   </div>
   <div class='ocr_carea' id='block_1_5' title="bbox 270 3465 1211 3624">
    <p class='ocr_par' dir='ltr' id='par_1_5' title="bbox 270 3465 1211 3624">
     <span class='ocr_line' id='line_1_35' title="bbox 303 3465 1211 3554; baseline 0.008 -22"><span class='ocrx_word' id='word_1_241' title='bbox 303 3485 341 3545; x_wconf 86' lang='lat' dir='ltr'><strong>(l)</strong></span> <span class='ocrx_word' id='word_1_242' title='bbox 358 3482 512 3548; x_wconf 74' lang='lat' dir='ltr'><strong>trombelli,</strong></span> <span class='ocrx_word' id='word_1_243' title='bbox 531 3486 570 3536; x_wconf 84' lang='lat' dir='ltr'><strong>De</strong></span> <span class='ocrx_word' id='word_1_244' title='bbox 590 3465 809 3553; x_wconf 73' lang='lat' dir='ltr'><strong>Confirrnotione,</strong></span> <span class='ocrx_word' id='word_1_245' title='bbox 828 3490 911 3554; x_wconf 88' lang='lat' dir='ltr'><strong>Caput</strong></span> <span class='ocrx_word' id='word_1_246' title='bbox 930 3491 941 3540; x_wconf 96' lang='lat' dir='ltr'><strong>l</strong></span> <span class='ocrx_word' id='word_1_247' title='bbox 957 3496 983 3542; x_wconf 89' lang='lat' dir='ltr'><strong>et</strong></span> <span class='ocrx_word' id='word_1_248' title='bbox 1002 3501 1097 3554; x_wconf 89' lang='lat' dir='ltr'><strong>seqq.;</strong></span> <span class='ocrx_word' id='word_1_249' title='bbox 1115 3492 1155 3542; x_wconf 80' lang='lat' dir='ltr'><strong>Sar</strong></span> <span class='ocrx_word' id='word_1_250' title='bbox 1199 3503 1211 3531; x_wconf 68' lang='lat' dir='ltr'><strong>r</strong></span> 
     </span>
     <span class='ocr_line' id='line_1_36' title="bbox 270 3550 922 3624; baseline 0.008 -23"><span class='ocrx_word' id='word_1_251' title='bbox 270 3550 347 3614; x_wconf 83' lang='lat' dir='ltr'><strong>vius,</strong></span> <span class='ocrx_word' id='word_1_252' title='bbox 368 3553 406 3602; x_wconf 84' lang='lat' dir='ltr'><strong>lte</strong></span> <span class='ocrx_word' id='word_1_253' title='bbox 426 3551 644 3620; x_wconf 68' lang='lat' dir='ltr'><strong>Confirmatione,</strong></span> <span class='ocrx_word' id='word_1_254' title='bbox 663 3557 727 3624; x_wconf 86' lang='lat' dir='ltr'><strong>Cap.</strong></span> <span class='ocrx_word' id='word_1_255' title='bbox 747 3559 784 3607; x_wconf 91' lang='lat'><strong>111</strong></span> <span class='ocrx_word' id='word_1_256' title='bbox 803 3564 829 3607; x_wconf 91' lang='lat' dir='ltr'><strong>et</strong></span> <span class='ocrx_word' id='word_1_257' title='bbox 847 3569 922 3622; x_wconf 83' lang='lat' dir='ltr'><strong>seqq.</strong></span> 
     </span>
    </p>
   </div>
   <div class='ocr_carea' id='block_1_6' title="bbox 0 0 1288 4038">
    <p class='ocr_par' dir='ltr' id='par_1_6' title="bbox 0 0 1288 4038">
     <span class='ocr_line' id='line_1_37' title="bbox 0 0 1288 4038; baseline 0 0"><span class='ocrx_word' id='word_1_258' title='bbox 0 0 1288 4038; x_wconf 95' lang='lat' dir='ltr'><strong> </strong></span> 
     </span>
    </p>
   </div>
  </div>
 </body>
</html>
