2567 4042
603 164 827 238 wstbur-

241 316 330 377 agere
352 302 580 377 consueverant,
603 302 638 357 ut
659 314 697 357 ex
717 292 858 356 Cassiano
879 296 1071 366 addiscimus,
1094 293 1193 358 Colia-

241 383 323 442 tione
335 378 383 441 x1
393 378 466 456 Cap.
479 375 533 438 ΙΙΙ.
549 376 666 439 Eodem
681 385 756 439 teste
766 375 910 439 Cassiano
925 377 991 439 Lib.
1005 379 1104 457 lCap.
1117 379 1192 441 Vlll

241 470 273 526 et
293 462 339 524 ix
357 479 436 539 pera
456 464 523 521 erac
544 460 630 537 peliis
652 461 800 538 caprina,
825 478 915 537 quam
937 462 968 520 in
990 460 1194 523 mortificabo·

242 546 289 606 nis
310 544 453 605 indicium
475 542 683 620 saecularibus
706 534 890 604 exhibendae
906 542 1047 627 Monachi
1068 548 1192 622 portare

241 628 386 691 solebant.
405 624 514 685 Variae
536 627 639 684 extant
653 625 802 685 iormulae
824 624 1036 687 benedictionis
1057 628 1195 705 peregri·

242 728 350 772 norum
383 708 412 766 in
441 707 572 782 antiquis
596 704 765 775 Ritualibus
796 706 908 769 Libris.
936 706 1078 771 Ceterum
1110 709 1192 785 quod

242 790 476 871 peregrinaturis
508 788 547 847 ad
568 789 732 849 remotiora
753 786 818 851 loca
846 791 958 851 soleret
989 810 1006 850 a
1029 790 1191 852 Sacerdote

240 873 376 941 benedici
398 871 523 933 baculus
545 888 579 931 ac
601 888 710 949 pera,
729 870 816 932 docet
838 872 915 933 inter
937 870 1008 933 alios
1029 872 1193 934 Gretserus

240 954 309 1017 Lib·
333 954 347 1015 1
369 954 413 1013 De
434 953 537 1015 Sacris
559 951 882 1031 Pereprinotione'bns,
905 950 978 1031 Cap.
1001 954 1041 1016 11.
1065 954 1194 1015 Benedi-

241 1040 302 1099 ctio
323 1036 552 1113 peregrinorum
573 1053 632 1093 non
655 1034 758 1111 incipit
780 1053 864 1095 more
886 1042 1027 1097 consueto
1049 1038 1191 1106 aliarum,

241 1124 274 1182 ei
287 1119 352 1181 iere
364 1118 500 1177 omnium
513 1117 755 1177 benedictionum
766 1134 821 1191 per
831 1113 1030 1196 Adjutorinm
1041 1128 1194 1187 nostrum,-

241 1201 296 1263 sed
317 1218 372 1278 per
395 1198 600 1277 Antiphonem
628 1206 660 1259 et
680 1197 836 1259 Canticum
861 1198 1065 1261 Benedictus:
1086 1207 1118 1261 et
1143 1217 1193 1260 ra·

243 1284 285 1344 iio
307 1289 380 1351 est,
402 1282 473 1357 quia
505 1281 678 1358 imploratio
705 1278 805 1339 Divini
837 1280 979 1359 adjutorii
1006 1282 1109 1343 habita
1128 1280 1193 1359 jam

242 1364 283 1425 sit
314 1383 367 1443 per
396 1364 529 1440 diversas
551 1380 656 1442 preces
688 1362 896 1423 antecedentes
928 1366 958 1423 in
980 1362 1082 1425 Missa.
1111 1362 1193 1425 Dum

242 1446 391 1508 Sacerdos
412 1447 502 1507 dicit:
526 1444 596 1505 Pau
617 1455 644 1504 ct
665 1442 856 1515 Benedictio,
881 1446 996 1523 signum
1019 1443 1124 1507 Crucis
1146 1465 1196 1507 su-

243 1546 300 1607 per
321 1529 401 1605 ipsos
418 1528 546 1590 dextera
562 1526 746 1595 efformabit,
762 1530 796 1586 ui
817 1528 989 1587 muniantur
1012 1529 1124 1590 virtute
1140 1526 1196 1588 lle

244 1608 427 1687 demptionis
448 1612 553 1669 contra
576 1626 681 1668 omnes
703 1608 805 1669 hostes
826 1614 891 1669 tum
914 1610 1106 1687 spirituales,
1129 1614 1195 1671 tum

243 1692 428 1768 corporales.
452 1692 643 1768 Quicumque
664 1707 738 1749 vero
760 1690 840 1761 sint,
863 1690 915 1769 qui
937 1699 1004 1769 post
1025 1692 1196 1769 peregrina·

243 1774 355 1835 tionem
383 1772 421 1832 ¹ad
443 1774 571 1851 patriam
592 1772 743 1843 redeant,
768 1790 873 1834 omnes
905 1773 1039 1834 benedici
1068 1774 1193 1836 debent.

241 1854 398 1922 Sacerdos,
422 1851 650 1933 superpelliceo,
675 1862 705 1914 et
727 1854 808 1915 Stola
831 1854 963 1915 violacea
985 1856 1117 1925 indutus,
1141 1855 1193 1916 de-

243 1938 295 2001 bet
308 1937 473 1999 uersiculos
487 1942 519 1998 et
533 1938 684 1997 orationes
700 1936 730 1994 in
741 1936 850 1997 Rituali
865 1939 1065 2016 praescriptas
1077 1937 1191 1999 dicere.

619 2068 746 2161 enru‘n
768 2098 808 2159 u.

264 2284 307 2327 DE
327 2279 569 2333 ΒΕΝΕΒΙΕΤΙΟΝΕ,
593 2280 634 2322 E'l'
656 2278 862 2333 luposmonn
882 2281 1029 2325 enimenin
1050 2281 1176 2327 Lnnlms

478 2361 541 2406 eno
562 2361 710 2405 nccnnsln
731 2362 954 2407 enutriendus.
1011 2370 1014 2376 ’

285 2509 311 2571 1.
328 2508 376 2571 Ab
394 2509 465 2587 ipsis
487 2507 711 2585 Apostolorum¹
724 2508 915 2587 temporibus
925 2516 985 2571 tam
1002 2513 1031 2571 in
1052 2506 1191 2581 Oriente,

286 2610 335 2653 am
349 2593 383 2652 in
400 2588 562 2651 Occidente
584 2588 675 2649 inisse
697 2586 845 2651 Ecclesiae
867 2586 1063 2663 constructas,
1081 2609 1118 2651 ac
1131 2591 1196 2653 Deo

264 2674 416 2743 edicatas,
443 2671 580 2751 pluribus
602 2670 749 2733 Veterum
775 2673 951 2733 testimoniis
973 2672 1197 2752 ostendit‘Car·

243 2755 349 2817 dinalis
370 2756 516 2816 Baronius
536 2752 573 2814 ad
594 2772 706 2815 annum
727 2754 837 2816 Christi
851 2754 947 2816 LVII.
965 2756 1113 2819 Collocari
1134 2757 1197 2835 pri·

242 2838 308 2908 die,
331 2856 367 2901 ac
388 2836 439 2915 figi
462 2832 501 2917 (1)
523 2834 651 2897 Crucem
673 2835 820 2915 ligneam,
844 2838 1017 2914 etquidem
1040 2838 1197 2915 sinepre·

198 2948 204 2959 ·
242 2921 328 2983 cibus
343 2920 410 2984 ultis
426 2919 455 2978 in
471 2918 548 2988 loco,
559 2919 616 2978 ‘ubi
637 2917 726 2979 debet
741 2936 807 2979 esse
822 2918 939 2981 Altare.
954 2920 1041 2997 Apud
1064 2917 1195 2981 Graecos

241 3022 333 3081 quam
354 3001 456 3148 Venit.
466 3000 607 3096 solemnis
627 2996 732 3063 Crucis
746 2998 818 3141 ligio
833 3001 884 3061 ubi
905 3002 1036 3097 primum
1056 3000 1195 3063 Ecclesia

242 3080 1196 3245 itiiuiiiituiiiiii„*iitii'iuiiubuu

242 3248 403 3311 Balsamon
426 3249 457 3307 in
476 3246 698 3310 Commentario
720 3244 847 3309 Canonis
868 3246 981 3307 xxxi
1001 3248 1092 3327 vulgo
1116 3248 1194 3325 Apo·

279 3446 316 3506 (1)
329 3440 395 3493 vide
411 3437 617 3507 opus'nostmm
631 3442 672 3494 cui
692 3435 792 3494 titulus:
808 3440 1011 3509 Antiquitatum
1026 3438 1196 3492 Christiano·

244 3512 521 3574 neminemneminer,
535 3510 663 3563 tiolnmen
683 3510 796 3579 primurn
815 3508 893 3563 Liber
910 3509 1038 3565 secundus
1057 3511 1121 3577 Gap.
1135 3512 1154 3561 ‘l
1170 3514 1195 3561 et

243 3594 318 3649 seqq.
