2567 4042
610 158 835 230 amatur«-

248 293 363 354 vatum,
388 305 444 346 non
469 286 568 355 babet,
592 288 641 352 vel
663 285 750 365 cujus
765 285 983 348 absolutionem
1006 300 1199 361 quacumque

246 387 283 431 ex
308 385 396 428 causa
419 369 520 432 differt
542 371 570 430 in
593 370 674 430 aliud
698 378 826 446 tempus.
929 423 935 438 ,

289 448 342 510 iV.
359 450 550 528 Quamquam
573 455 699 528 quisque
714 450 919 511 confessarius
941 448 1034 526 possit
1055 462 1202 506 acensu-

247 532 289 592 ris
311 532 463 592 absolvere
487 534 514 592 in
540 533 605 593 ioro
628 535 764 606 interno,
789 534 814 593 si
835 535 917 609 ipsae
940 531 1083 590 nimirum
1105 534 1164 588 aut
1186 547 1205 586 a

247 611 335 687 iure,
359 622 412 674 aut
433 617 471 676 ab
494 617 615 678 bomine
637 617 731 685 latae,
754 634 812 674 non
834 617 893 675 sint
914 612 1130 689 Superioribus
1157 628 1206 669 re-

248 702 396 764 servatae,
421 715 477 756 non
495 705 593 776 potest
614 698 742 758 tamen
735 716 765 756 rn
781 697 859 757 Foro
889 694 1029 756 exteriori
1046 695 1115 753 sine
1133 711 1206 768 spe·

248 777 314 836 ciali
336 777 506 854 Superioris
529 780 680 841 mandatu.
704 778 834 856 Cautum
856 795 893 838 ex
915 777 1007 838 sacris
1029 772 1207 862 Canonibus

162 916 164 926 .
248 865 311 928 est,
335 862 432 935 utqui
455 861 491 918 ab
518 845 827 922 excommunicatione
849 861 911 920 sive
932 856 1108 926 aCanone,
1137 851 1207 916 siis

249 942 286 999 ab
310 941 431 1000 homine
454 943 511 1002 lata
533 945 751 1004 absolutionem
775 945 857 1021 petit,
880 957 1022 1018 expresse
1042 940 1130 1018 juret
1154 957 1208 1016 pa-

249 1041 317 1082 rere
339 1023 489 1084 Ecclesiae
513 1027 670 1086 nrandatis.

288 1104 327 1164 V.
346 1103 435 1166 Posse
450 1105 553 1168 fideles
570 1110 630 1167 rita
648 1107 764 1168 iunctos
786 1103 1095 1165 excommunicatione
1120 1105 1210 1162 irino·

249 1185 344 1252 datos,
369 1188 392 1244 si
416 1190 497 1264 prius
520 1190 657 1251 dederint
678 1191 794 1266 signum
818 1187 1015 1251 contritionis,
1039 1187 1076 1244 ab
1091 1185 1207 1244 eadem

249 1266 375 1334 absolvi,
401 1275 517 1328 certum
534 1278 579 1332 est
601 1273 765 1347 generatim
788 1277 819 1332 et
841 1270 1006 1329 indistincte
1036 1267 1206 1343 loquendo,

249 1351 352 1428 sicque
376 1353 483 1426 passim
501 1352 608 1414 docent
631 1353 771 1412 Canonici
787 1353 865 1412 iuris
888 1349 1078 1426 interpretes,
1102 1349 1208 1424 quini-

248 1449 299 1490 mo
321 1435 383 1509 ipse
399 1432 552 1494 Romanus
568 1435 704 1497 Pontifex
728 1434 878 1494 Maximus
900 1431 1089 1492 innocentius
1103 1430 1152 1491 iii
1178 1432 1207 1489 in
1246 1475 1250 1487 .

248 1512 362 1589 Capite,
388 1513 526 1585 Anatis,
551 1521 683 1591 itemque
706 1518 792 1576 multi
814 1515 928 1591 antiqui
949 1512 1099 1581 Canones,
1124 1530 1207 1590 quos

248 1595 362 1672 proiert
384 1597 599 1674 albaspinaeus
627 1598 693 1658 Lib.
722 1599 736 1658 i
762 1597 1005 1658 Observationum
1031 1595 1206 1657 Sacrorum

248 1675 321 1754 Cap.
339 1677 380 1739 Χ.
406 1677 562 1754 Dupiieem
585 1683 686 1756 itaque
708 1680 746 1739 ob
766 1699 887 1741 causam
912 1678 1078 1738 introducta
1093 1685 1143 1737 est
1167 1676 1206 1736 ab

249 1756 383 1818 Ecclesia
406 1760 551 1822 absolutio
583 1761 713 1822 deiuncti
736 1761 1008 1827 excommunicati,
1039 1760 1063 1817 si
1091 1776 1206 1835 nempe

249 1841 393 1900 decedens
416 1842 532 1919 signum
556 1845 752 1911 contritionis,
776 1845 824 1904 rel
848 1841 1045 1920 poeniteutiae
1067 1841 1202 1904 dederit.

250 1922 348 1982 Prima
373 1927 442 1994 est,
469 1943 504 1984 ne
527 1927 728 1987 ecclesiastica
751 1934 853 1986 careat
874 1926 1039 2002 sepultura.
1063 1923 1207 1984 Secunda

248 2012 281 2066 ut
296 2003 443 2082 suliragiis
466 2005 617 2069 Ecclesiae
634 2006 806 2084 adjuretur.
832 2006 910 2085 Ergo
925 2012 959 2066 ut
973 2003 1134 2066 defunctus
1152 2025 1207 2065 ex·

250 2091 487 2148 communicatus
509 2089 620 2149 absolvi
643 2091 753 2167 possit,
777 2092 899 2149 omnino
919 2087 1094 2164 requiritur,
1117 2087 1204 2164 quod

249 2174 384 2228 nostrum
408 2169 527 2231 ilitnaie
550 2173 677 2241 statuit,
701 2178 735 2231 ut
756 2173 897 2232 nimirum
921 2189 959 2230 ea
990 2169 1045 2227 iroc
1066 2170 1128 2230 aito
1155 2169 1207 2228 de·

252 2249 355 2311 cedens
370 2250 485 2311 dederit
500 2255 618 2332 sipnam
641 2255 836 2321 contritionis,
849 2255 923 2319 sive,
941 2257 974 2312 ut
988 2251 1078 2310 babet
1100 2252 1130 2310 in
1148 2249 1207 2310 Ca-

252 2334 312 2411 pite
335 2350 354 2390 a
376 2333 457 2391 nobis
478 2332 666 2396 innocentius
679 2333 724 2395 iii
746 2339 804 2396 siue
827 2333 861 2393 de
879 2335 973 2412 ipsias
993 2332 1119 2392 uiuentis
1136 2353 1207 2412 poe·

249 2414 376 2473 nitentia
385 2433 441 2493 per
456 2416 605 2477 euidentia
619 2419 706 2494 sipno
721 2419 894 2478 constiterit.
919 2416 994 2476 Sunt
1015 2419 1115 2474 autem
1131 2433 1207 2490 poe-

251 2494 392 2556 nitentiae
407 2497 501 2572 signa,
526 2499 655 2559 verbalis
678 2498 834 2559 detestatio
856 2499 967 2565 delicti,
992 2497 1093 2572 petitio
1115 2497 1205 2556 abso·

249 2576 382 2652 lationis,
400 2578 508 2640 oblatio
529 2579 691 2658 juramenti
713 2581 749 2640 de
772 2580 904 2657 parendo
919 2577 1073 2638 mandatis
1094 2576 1205 2639 Eccle-

250 2659 331 2726 siae,
355 2659 483 2720 elevatio
506 2663 662 2722 oculorum
689 2668 721 2722 et
740 2680 884 2722 manuum
907 2661 943 2722 ad
966 2661 1107 2727 caelum,
1131 2677 1205 2737 per·
1250 2707 1254 2712 .

250 2740 349 2800 cussio
372 2743 454 2813 oris,
479 2753 509 2804 et
532 2745 683 2821 pectoris,
707 2745 777 2820 quia
799 2743 877 2804 iorte
898 2741 980 2819 ioqui
1002 2761 1058 2802 raon
1080 2747 1204 2819 potest,

249 2828 281 2882 et
294 2821 341 2882 his
355 2824 474 2893 similia,
499 2830 542 2886 ut·
553 2845 590 2887 ex
611 2823 741 2894 Conone,
770 2823 832 2900 Qui
846 2824 1000 2893 recedant,
1024 2829 1055 2884 et
1075 2823 1141 2884 aliis
1156 2842 1206 2883 se·

249 2905 429 2980 quentibns,
457 2905 554 2968 Causa
575 2906 694 2979 xxvi,
718 2906 899 2979 Quaestione
925 2904 969 2966 Vi
997 2906 1118 2968 tradunt
1137 2904 1205 2965 iio-

251 2987 381 3058 stiensis,
406 2985 530 3049 ioannes
546 2990 692 3055 Andreas,
717 2996 748 3050 et
770 2990 819 3050 alil
834 2990 1034 3049 communiter
1055 2985 1206 3066 apndFa-

250 3086 397 3146 gnanum,
421 3071 449 3128 in
473 3067 576 3146 Capite
599 3091 618 3131 a
639 3073 731 3141 nabis,
755 3071 799 3131 ile
822 3071 974 3132 Sententia
996 3071 1205 3130 eaeommnni·

250 3151 386 3219 cationis,
412 3171 495 3213 num.
512 3153 562 3212 13.
585 3151 778 3214 Caeremonia
793 3158 896 3214 autem
917 3153 947 3212 in
962 3169 999 3212 eo
1016 3150 1205 3230 potissimum
1227 3219 1230 3224 ,

251 3233 406 3298 consistit,
432 3239 465 3294 ut
486 3232 538 3294 irat
559 3237 677 3312 publice
709 3241 739 3296 et
762 3253 863 3294 coram
896 3235 1045 3303 testibus,
1069 3233 1203 3308 itemque

251 3315 335 3390 virga
358 3321 410 3375 aut
432 3317 595 3388 fameolis,
620 3335 678 3377 non
701 3318 823 3396 quidem
852 3335 942 3396 super
964 3317 1127 3377 humerum
1150 3313 1204 3373 de-

251 3396 407 3462 nudatum,
432 3400 495 3457 ut
487 3399 619 3469 invitis,
644 3399 798 3475 sedsupra
821 3405 916 3460 totum
940 3416 1058 3476 corpus,
1082 3401 1114 3456 ut
1135 3398 1203 3472 post

252 3475 403 3554 Pyrrhum
427 3478 593 3540 Corradum
612 3444 705 3540 iibro
720 3481 792 3541 Viii
815 3480 929 3542 Praais
944 3479 1202 3559 Dispensationem

253 3554 490 3637 Apostolicorum
509 3560 583 3641 Cap.
601 3560 632 3620 X
644 3564 757 3623 notarit
779 3562 1008 3625 Rarruialdius:
1006 3577 1200 3639 quamquam
