2567 4042
604 195 666 258 ee»
687 181 747 247 aad
769 193 830 256 iffi«

240 316 292 392 qui
305 315 438 392 saepius,
453 315 502 376 rel
524 320 559 374 ut
574 315 739 391 plurimum
764 314 899 390 procedit
914 332 931 376 a
946 313 1103 380 &emund
1119 321 1186 376 tanr-

239 414 331 472 quam
356 415 375 456 a
397 414 512 465 causer
542 393 702 472 altquando
725 403 825 457 temen
849 397 1009 474 provenire
1032 401 1188 475 possuntt

240 494 330 539 causa
353 478 494 540 naturali.
962 511 964 516 κ
1171 539 1174 546 ,

282 559 322 619 V.
345 559 515 620 Daemones
536 558 632 636 magis
654 577 708 636 per
731 561 878 636 quaedam
900 560 1005 628 verba,
1028 577 1118 640 quam
1140 577 1190 634 per-

240 641 297 701 alia
321 642 467 718 torqueri,
491 646 607 703 constat
627 659 699 700 sane
722 659 758 700 ex
782 643 903 718 antiqua
919 639 1076 702 Ecclesiae
1098 642 1185 716 praxi,

241 723 329 801 cujus
344 725 484 783 meminit
504 725 582 784 ieter
604 723 679 782 aiios
705 722 887 801 Micrologus
909 725 938 783 in
959 723 1063 784 Libro:
1080 721 1123 782 Ile
1138 720 1189 782 Ec-

241 805 414 866 clutastictr
440 803 724 872 obseruationibus,
747 803 821 882 Capi
849 803 904 864 VII
926 805 985 864 Ex.
1016 823 1061 880 gr.
1088 801 1187 867 Deum,

241 887 294 964 qui
315 899 342 947 te
363 890 485 966 qenuit,
510 885 725 964 dereliquistir
745 893 776 947 et
793 887 904 946 oblitus
927 903 955 944 cs
967 883 1024 946 Dei
1041 884 1189 948 erraturis

240 968 296 1028 tei.
324 967 412 1029 uena.
428 969 502 1046 Cap.
522 965 659 1028 XXXII:
682 969 758 1037 sirei
783 967 858 1030 Ecce
880 968 951 1028 uicit
972 963 1026 1026 Leo
1049 966 1084 1026 de
1104 963 1186 1031 Trite

241 1046 325 1110 Iuda
344 1069 383 1110 ex
404 1049 589 1128 Apocalypsi
610 1047 730 1124 Camil
752 1056 783 1111 et
804 1051 864 1110 alie
886 1047 1022 1128 Symbcli
1043 1047 1189 1126 Apostoli·

242 1131 296 1201 ci,
320 1131 432 1192 Christi
455 1129 674 1200 Nativitatem,
699 1131 893 1200 Passionem,
917 1131 1061 1196 Mortem,
1085 1127 1223 1188 uesci-w

243 1213 431 1279 rectionem,
457 1231 492 1272 ac
521 1212 875 1274 JudIcium'extremum
911 1212 1096 1274 denotantia.
1128 1207 1195 1276 IIuc·

242 1309 297 1372 pro
318 1303 400 1355 certo
421 1293 613 1367 statuendum
635 1300 692 1362 est,
717 1295 811 1355 rerba
832 1293 942 1354 Sacrae
965 1293 1139 1372 scripturae
1153 1293 1192 1356 irr-

242 1375 403 1436 Iestlssima
417 1393 483 1436 esse
501 1373 657 1453 Daemoni.
675 1373 867 1452 Quapropter
890 1376 1039 1438 maximae
1061 1373 1193 1446 acutulis·

243 1458 311 1529 crit,
329 1457 354 1517 si
375 1457 522 1532 Sacerdos
543 1457 700 1516 Exercista
723 1459 762 1516 sit
783 1459 813 1516 in
837 1461 898 1518 tote
909 1455 944 1516 S.
962 1455 1119 1534 Scriptura
1133 1471 1195 1516 rer-

243 1545 350 1608 satus,
379 1545 411 1601 ct
433 1539 592 1616 praecipue
615 1541 646 1598 in
666 1538 826 1600 versieulis
847 1538 1107 1606 Psalmurumec
1131 1536 1192 1612 qni-

244 1621 301 1681 bus
321 1620 467 1680 lormulas
487 1620 746 1698 antissImashuic
762 1621 914 1697 proposito
928 1620 1093 1682 extrahere
1115 1622 1194 1696 pote·

243 1703 293 1762 rit.
316 1700 444 1778 Insuper
465 1703 502 1762 ad
522 1701 598 1762 lraec
618 1703 712 1762 rerba
727 1704 891 1762 daemones
910 1700 1037 1763 lucilius
1064 1717 1194 1763 commo-

243 1789 365 1853 ventur,
389 1789 420 1843 et
441 1785 508 1845 ideo
526 1783 648 1845 facilius
670 1785 788 1860 signnm
810 1787 946 1860 optatum
968 1784 1117 1860 praebent
1139 1781 1198 1841 eri·
1263 1823 1264 1860 ,

244 1863 351 1924 denter
372 1864 410 1924 de
425 1865 683 1926 eorum-incolatu
707 1867 735 1925 in
760 1865 893 1926 humano
909 1883 1055 1942 corpure.
1071 1864 1198 1930 lleemc-

245 1964 298 2007 nes
319 1948 512 2014 conturbari,
535 1947 689 2024 torqueri,
714 1948 762 2006 uri
788 1947 993 2016 Exercismis,
1017 1944 1123 2008 Patres
1144 1941 1198 2004 Eo·

136 2029 139 2034 ’
246 2027 355 2089 clasiae
377 2030 487 2106 passim
513 2027 633 2088 docent.
656 2027 782 2088 Cessare
808 2045 867 2092 nou
882 2027 973 2090 debet
988 2025 1142 2090 Exerciste
1163 2023 1198 2092 alt
1263 2063 1264 2074 κ

245 2109 440 2182 Exorcismis,
462 2105 553 2170 dcccc
572 2108 682 2170 viderit
705 2110 794 2190 sique
808 2109 1001 2170 liberationis.
1020 2108 1109 2186 Signa
1133 2124 1199 2184 prce

245 2191 380 2260 labilia,
406 2192 517 2267 quibus
538 2207 679 2267 egressus
703 2189 924 2260 manifestetur,
950 2193 979 2250 in
1006 2191 1115 2268 prImis,
1132 2195 1199 2251 sunt

245 2273 342 2348 ipsius
363 2271 485 2349 spiritus
505 2271 670 2334 obsidentis
693 2271 858 2345 contessio,
881 2274 984 2348 qualis,
1002 2273 1053 2334 illa
1075 2271 1142 2338 tuti,
1165 2269 1198 2330 de
1260 2323 1261 2326 ,

243 2366 306 2428 uua
327 2354 432 2414 scribit
455 2352 577 2414 Marcus
598 2355 627 2414 in
655 2372 709 2414 sno
735 2351 922 2428 Evangelio,
950 2354 1055 2432 Capite
1076 2352 1091 2419 I
1114 2369 1199 2414 versu

245 2433 355 2494 XXIV
377 2431 416 2494 Et
437 2438 575 2496 clamauit
598 2431 724 2495 diceas}
751 2432 833 2509 Quid
865 2435 972 2504 codis..
1003 2445 1034 2494 et.
1053 2434 1108 2496 lidi
1128 2428 1197 2492 Jeec
1263 2473 1264 2476 κ

247 2513 425 2576 chcrcee?
440 2515 553 2579 Venisti
574 2525 644 2576 ecte
660 2525 785 2594 tempos.
793 2513 920 2592 perdere
935 2533 1000 2578 eos.
1018 2514 1155 2592 Seruum
1170 2515 1197 2574 in

246 2604 360 2658 terram
381 2597 497 2667 coliteio
512 2603 544 2657 et
557 2595 698 2674 dejectt'o,
716 2615 752 2659 ao
773 2601 799 2660 si
815 2593 1047 2674 Enelgunrcnus
1061 2603 1195 2658 mortuus
1263 2623 1264 2632 κ

247 2677 394 2738 rideatur.
418 2679 521 2739 Tertio
542 2679 867 2756 ingentesclamorcs,
899 2676 1127 2756 artemisius,
1151 2676 1197 2738 rel
1263 2725 1264 2728 η

247 2760 416 2820 belluarum
439 2777 541 2829 voces,
564 2764 600 2820 ut
622 2761 732 2837 legitur
753 2758 945 2839 Capitevlll
974 2758 1107 2823 Aetnam
1125 2759 1199 2834 doo-

247 2841 393 2904 stolorurn
414 2859 505 2902 versu
528 2839 698 2904 VlllIIulti
719 2860 848 2910 eornm,
872 2841 925 2919 qai
945 2842 1090 2906 dedederit
1111 2843 1198 2920 epiri,-

248 2933 296 2987 ter
316 2922 496 2992 immundos,
520 2923 684 2984 clementes
706 2943 775 2984 occe
796 2937 911 3002 meque,
926 2922 1064 2986 ,eciderit
1112 2938 1117 2950 ¹

251 3051 255 3056 .
284 3002 342 3064 vt.
368 3004 608 3066 innumerabiles
629 3021 696 3067 esse
719 3010 800 3066 artes
820 3003 1010 3080 ,fraudesque
1033 3001 1143 3070 diaboli
1164 3002 1196 3062 ad

248 3085 403 3149 homiaem
425 3086 662 3164 decipiendum,
687 3085 820 3149 latentur
840 3085 950 3162 passim
973 3085 1073 3146 Sancti
1096 3081 1196 3149 uerte

247 3167 452 3231 oue-Patres·
472 3166 511 3229 Ut
531 3169 633 3244 itaque
655 3168 736 3228 circa
759 3167 814 3228 has
836 3168 936 3244 magis
953 3167 1112 3246 magisque
1133 3182 1199 3229 cau·

248 3255 298 3310 tus
325 3249 469 3310 reddatur
490 3246 671 3318 Enoroistu,
702 3265 823 3310 necesse
850 3249 940 3326 plane
964 3254 1036 3317 est,
1060 3254 1102 3310 vu't
1129 3246 1197 3314 etat

249 3331 323 3407 quid
345 3332 437 3408 possit
458 3330 594 3392 diabolus
608 3329 710 3412 lacere
739 3330 790 3390 sed
808 3330 983 3394 utessdem
1000 3328 1086 3406 plene
1102 3328 1194 3388 valeat

247 3412 418 3475 nurercsre-
431 3411 570 3480 insidias,
589 3415 684 3488 atque
706 3410 829 3474 omnino
851 3409 1062 3488 confringere,
1083 3425 1197 3470 necoew

249 3499 296 3557 est
317 3493 451 3569 quidem,
466 3498 502 3554 ut
516 3495 582 3571 ipse
595 3489 752 3556 Exercisla
768 3493 867 3569 Deum
881 3497 997 3562 exoret,
1011 3493 1095 3554 iuxta
1109 3489 1197 3552 naoni-

251 3579 314 3636 turn
329 3573 650 3661 assuesceretis.
668 3573 965 3641 Christuellominus
987 3591 1042 3651 per
1063 3589 1098 3640 ce
1114 3570 1197 3632 veris
