2567 4042
494 205 717 277 wimiis&

136 335 183 395 dis
204 333 337 412 pedibus
350 333 567 396 absolutionem
589 337 736 412 peterent.
751 331 804 396 'Fit
823 337 855 394 ct
877 333 905 393 in
927 333 1017 395 variis
1033 335 1081 397 Li·

134 417 198 477 bn's
218 415 443 478 Pontifiealibus
467 416 538 496 eju!
557 418 680 494 quidem
708 417 783 476 ritus
811 415 933 476 mealia.
956 415 1079 480 Praeter

133 499 210 559 alios
237 500 313 560 ritus
340 499 370 558 in
400 500 640 560 reconciliatione
667 497 996 558 excommunicatorum
1022 501 1079 562 usi·

136 586 237 649 latos,
261 594 325 641 mas
345 580 418 640 olim
439 580 517 651 luit,
539 588 574 643 nt
593 585 709 660 septem
725 580 836 658 integri
862 575 974 639 Psalmi
1009 599 1082 658 poo-

135 662 302 724 niteutiales
323 662 531 730 recitarentur,
548 663 746 740 adessentquc
767 679 826 722 una
849 679 917 735 cum
932 659 1080 742 Episcopo

135 745 292 805 duodecim
306 744 490 823 Presbyteri,
507 747 557 822 qui
571 762 641 808 enm
663 744 733 805 binc
754 743 822 804 inde
838 746 1079 806 circumstarent.

133 823 262 886 Saeculo
283 834 439 905 praetcrea
461 825 536 888 xlii
558 832 734 889 consuetum
756 829 831 890 erat,
856 829 889 886 ut
910 827 1082 888 absolvendi

135 908 174 968 ab
188 909 496 970 excommunicatione
511 907 596 971 bexia
617 909 755 986 genibus,
778 907 826 967 vel
849 910 990 985 prostrati
1013 915 1081 971 aute
1189 946 1199 965 ι

98 1053 101 1056 ,
134 989 259 1068 januam
280 991 451 1059 Ecclesiae,
462 991 501 1051 ab
516 991 664 1069 Episcopo
686 988 734 1050 nel
756 989 792 1051 ab
815 987 939 1065 alioqui
961 1007 1012 1051 eos
1033 991 1088 1052 ab·

135 1071 277 1142 solveret,
295 1069 332 1133 ad
354 1073 520 1149 quemlibet
539 1073 723 1134 versiculum
743 1070 853 1132 Psalmi
867 1069 1011 1133 Miserere
1026 1074 1084 1132 mei

135 1153 230 1223 Dens,
254 1155 345 1232 virgis
367 1157 605 1230 percuterentur.
631 1153 776 1227 Quamvis
798 1157 896 1214 autem
921 1154 1022 1214 mullis
1044 1154 1082 1218 ab

135 1232 205 1296 binc
226 1236 352 1296 saeculis
366 1235 512 1296 Sacerdos
534 1237 689 1297 absolvens
711 1235 756 1294 ab'
770 1236 1081 1299 excommunicatione

136 1333 194 1377 non
215 1324 327 1395 caput,
351 1319 403 1378 sed
423 1319 559 1395 scapulas
586 1317 678 1395 virgis
699 1316 866 1393 percutiat,
891 1335 956 1376 mos
979 1323 1082 1381 tamen

134 1397 206 1458 oiim
227 1398 308 1466 luit,
333 1403 445 1459 utnon
467 1398 633 1477 scapulae,
669 1399 721 1458 sed
744 1399 956 1474 poenitentiam
982 1403 1084 1478 *capita

134 1481 166 1538 in
192 1497 250 1540 sua
278 1481 411 1558 ipsorum
444 1481 683 1542 reconciliatione
718 1481 809 1558 virgis
838 1481 1085 1545 verberarentur:
1181 1515 1184 1520 ,

135 1559 294 1622 Preceset
314 1563 462 1623 orationes
485 1562 684 1639 praescriptae
713 1561 742 1619 in
767 1559 1081 1637 nostroPoutiticali,
1135 1565 1138 1574 “

136 1643 249 1710 stritus
264 1643 506 1719 apprehendendi
523 1643 692 1719 absolutum
709 1656 763 1718 per
773 1643 931 1704 dexteram
947 1648 1082 1720 manum,

136 1728 267 1800 eumque
288 1725 493 1786 introducendi
514 1728 543 1786 in
558 1723 737 1814 Ecclesiam,
756 1730 859 1786 extant
873 1727 901 1786 in
918 1730 1084 1789 manuscris

135 1810 187 1885 pla
210 1805 354 1866 Vaticano
375 1806 518 1868 Gulielmi
541 1805 675 1867 Durandi
696 1805 887 1879 Pontificali,
909 1813 941 1868 et
968 1811 999 1869 in
1020 1811 1085 1873 aliis

135 1888 295 1950 nonnullis.
320 1886 600 1951 Excommunicatio
623 1889 749 1949 aliaest
775 1908 792 1951 a
814 1886 961 1960 Cannae,
985 1893 1048 1954 sive
1071 1888 1096 1954 ‘a
1139 1912 1145 1924 ’

134 1969 219 2038 lura,
244 1969 302 2029 alia
323 1970 361 2029 ab
383 1968 524 2032 Homine.
541 1971 568 2030 Α
583 1969 654 2048 jure
676 1969 825 2042 insertur,¹
841 1989 911 2031 cum
934 1975 1000 2048 quis
1022 1973 1093 2050 ipso

134 2051 213 2112 iacto
239 2053 302 2111 sine
326 2049 434 2129 judicis
456 2053 620 2113 ministerio
652 2053 956 2114 excommunicationi
986 2055 1092 2116 subdi-

135 2140 200 2202 tnr3
227 2151 305 2211 quae
330 2133 442 2194 idcirco
467 2135 544 2195 latae
559 2132 724 2194 sententiae
746 2137 1021 2196 excommunicatio
1036 2154 1091 2196 no»

135 2214 277 2276 minatur.
294 2215 346 2275 Ab
363 2213 494 2276 Homine
515 2216 651 2284 infertur,
675 2231 744 2275 cum
766 2214 920 2276 Praelatus
942 2217 991 2277 vcl
1014 2217 1091 2280 alius

130 2296 225 2375 judex
252 2294 479 2372 Ecclesiasticus
506 2296 751 2366 inobedientem,
782 2299 846 2358 sive
877 2304 1088 2361 contumacem

132 2379 279 2440 sententia
301 2397 355 2438 sue
377 2380 627 2440 excommunicat.
650 2376 707 2439 His
730 2379 859 2446 notatis,
885 2380 1006 2441 mandet
1028 2380 1088 2442 Ro·

132 2477 256 2524 manum
277 2459 464 2530 Pontificem,
487 2463 522 2520 ut
542 2460 680 2522 absoluto
703 2461 741 2521 ab
763 2463 1086 2533 excommunicatione,

130 2540 200 2603 fieri
221 2541 350 2604 debeant
365 2538 450 2620 justa
470 2545 501 2602 et
524 2541 712 2603 rationabilia
735 2551 920 2622 praecepta,
943 2550 978 2605 ut
999 2545 1087 2609 ninii-

134 2641 228 2694 rum‚
252 2624 277 2683 si
297 2625 567 2685 excommunicatio
588 2641 606 2684 a
625 2621 724 2695 lure,
756 2626 819 2686 sire
842 2643 861 2684 a
882 2623 1000 2686 Cannae
1022 2629 1085 2696 sit,

134 2705 308 2784 injungatur
330 2705 399 2782 ipsi,
423 2711 458 2766 ut
479 2705 642 2766 satisfaciet
662 2704 691 2764 ei
712 2713 804 2782 quem
828 2707 934 2778 laesit,
958 2706 1086 2771 ulterius

132 2791 237 2848 eontra
256 2785 409 2848 Cononem
430 2786 518 2847 illum
538 2788 613 2848 nihil
635 2785 726 2847 iaciat
747 2793 805 2848 etc.

174 2866 227 2927 vi.
250 2865 358 2928 Primis
373 2866 524 2928 Ecclesiae
547 2868 732 2946 temporibus
754 2869 837 2930 nulla
851 2869 990 2948 specialis
1012 2871 1085 2952 iegi-

132 2954 185 3010 tur
200 2951 523 3021 excommunioalionis
543 2949 651 3013 forma.
669 2954 721 3010 aut
742 2952 819 3012 certi
839 2954 915 3014 ritus
937 2954 1085 3030 praescri·

132 3031 187 3108 pti‚
210 3031 264 3092 sed
286 3031 396 3092 in'hoc
419 3051 514 3094 uuum
534 3030 773 3101 erantPraelati,
798 3038 831 3094 ul
852 3038 993 3097 accurato
1015 3051 1084 3098 exa-¹

132 3113 283 3174 minarent
302 3130 423 3174 causam
439 3112 766 3175 excommunicationis.
780 3113 945 3192 Episcopus
966 3117 1080 3195 itaque,

132 3193 266 3256 adhibito
279 3191 369 3256 Clero
391 3214 457 3266 suo,
474 3195 653 3256 sententiam
675 3198 993 3259 excommunicationis
1014 3200 1083 3262 sim·
1197 3239 1212 3276 3

131 3277 262 3358 pliciter,
279 3277 363 3338 nullo
375 3283 495 3340 servato
515 3283 640 3338 externo
660 3283 712 3338 aut
726 3278 847 3356 speciali
862 3281 934 3348 ritu,
954 3298 1082 3359 pronun·
1148 3281 1154 3289 '

134 3357 237 3420 tiabat.
254 3357 378 3439 Utergo
400 3361 561 3424 auctoritas
583 3357 679 3437 major
700 3359 772 3436 ipsis
787 3361 923 3422 censuris
945 3364 1082 3426 concilia·

132 3445 234 3513 retur,
257 3447 416 3518 terrorque
437 3442 547 3520 populo
568 3442 771 3514 incuteretur,
795 3448 958 3519 coeperunt
980 3451 1080 3509 certae

132 3519 283 3584 formulae
304 3530 335 3585 el
356 3525 431 3586 ritus
452 3523 617 3592 introduci,
639 3540 716 3600 quae
737 3530 768 3587 et
789 3525 898 3586 sensim
921 3527 1018 3588 maius
1039 3529 1080 3605 ip-

134 3611 320 3667 erementum
342 3612 532 3685 acceperunt.
557 3603 817 3681 Ubi-anathema,
840 3607 917 3670 idest
937 3608 1078 3672 solemnis

271 3699 330 3772 vot.
347 3704 370 3758 1.
894 3703 929 3758 17
