2567 4042
622 179 847 268 moscus

248 328 289 372 ex
307 306 382 386 Cep.
404 306 519 378 Sacris,
543 305 656 378 Extra,
674 308 719 370 Do
741 307 917 390 sepulturis.
941 309 1053 384 Quinto
1076 311 1197 372 Excom-

220 392 421 453 ‘municatus
442 389 477 448 ht
498 391 623 466 incapax
647 387 866 452 Beneficiorum
889 398 919 452 et
939 392 1125 472 Dignitatem
1148 389 1199 454 Ec-

242 473 487 537 -clceiastieurnm
507 473 539 562 ip
559 472 694 534 loturum
717 472 959 545 obtinendarum,
983 475 1127 551 quamdiu
1152 494 1199 536 ex·

239 554 518 621 ‚communicatione
543 553 650 630 ligatus
673 555 886 632 permanserit,
904 557 1044 632 quamvis
1058 564 1128 620 ante
1150 557 1201 618 im·

248 642 365 716 petrata
388 636 520 699 retinere
542 636 645 712 possit.
920 685 931 710 „

286 717 344 780 lv.
360 717 493 778 Maxime
508 718 674 793 antiquitus
689 714 891 778 formidabant
903 715 1064 780 Christiani
1076 718 1202 794 Escom—

248 801 491 867 municationem,
513 804 616 874 utpote
637 815 730 874 quam
754 800 932 861 sententiam
954 817 1020 862 esse
1043 800 1164 864 loturae
1183 821 1200 864 a

247 879 319 944 iesu
329 879 450 942 Christo
472 877 670 959 separationis
690 879 876 958 judicabant.
891 881 994 954 Quum
1018 901 1114 960 poena
1129 885 1200 946 haec

247 964 287 1024 sit
307 962 509 1042 gravissima,
537 969 568 1022 et
589 978 649 1038 qua
673 962 752 1022 nulla
775 962 873 1041 major
895 961 1066 1025 Crhistiano
1090 966 1198 1026 homini

248 1045 382 1106 timenda
402 1042 492 1114 leret,
515 1045 566 1120 qui
588 1043 657 1102 inde
680 1063 696 1102 a
719 1045 856 1122 portione
878 1041 1011 1112 Christi,
1035 1054 1067 1106 ct
1088 1066 1140 1126 spe
1162 1050 1203 1108 vi-

247 1131 296 1188 ae
318 1133 439 1194 eternae
462 1125 644 1192 excluditur,
665 1131 823 1201 propterea
846 1144 904 1186 uon
926 1127 964 1186 ob
984 1129 1201 1206 qualecumque

194 1266 197 1272 ,
237 1209 375 1278 crimen,
398 1208 449 1268 sed
472 1223 574 1284 grave,
591 1206 845 1278 manifestum-et
859 1209 1019 1285 probatum
1044 1212 1200 1289 irroganda

235 1297 315 1361 cst,
338 1291 511 1366 etquidem
533 1288 674 1348 adhibitis
697 1290 780 1362 prius
809 1291 948 1352 omnibus
969 1291 1035 1350 aliis
1061 1293 1198 1355 remediis

247 1371 284 1431 ad
307 1373 470 1437 sanandum
492 1369 740 1431 adcommodatis.
766 1369 911 1442 Canones,
934 1371 1056 1442 Patres,
1080 1379 1203 1452 totaque

174 1518 178 1523 λ
247 1456 371 1531 antiqua
392 1452 545 1514 Ecclesiae
567 1451 723 1527 disciplina
745 1455 904 1514 consentit.
929 1452 973 1512 lta
1002 1458 1202 1534 praescripse-
1263 1507 1264 1512 ,

249 1542 296 1598 rat
316 1534 454 1596 Christus
481 1533 559 1610 apud
582 1531 772 1596 Matthaeum
809 1533 883 1612 Cap.
908 1533 1015 1594 XVlll
1037 1555 1067 1595 v.
1095 1537 1132 1598 15
1173 1533 1204 1596 Si
1263 1559 1265 1594 r

246 1627 349 1678 cutem
366 1617 537 1694 peccauerit
557 1618 592 1676 iu
616 1627 643 1676 te
665 1615 764 1692 [rotor
790 1626 884 1684 tuus,
910 1615 1010 1706 apsis,
1038 1627 1066 1676 ct
1087 1620 1203 1698 corripe

248 1716 315 1758 eum
335 1699 415 1760 inter
438 1709 477 1767 tc,
501 1707 528 1756 ct
549 1700 648 1775 ipsum
668 1697 841 1758 aaron...
865 1699 1005 1758 usurum
1027 1708 1054 1758 tc
1075 1718 1137 1762 ooo
1153 1718 1202 1760 oo-

248 1777 351 1848 dim't,
374 1780 574 1840 adbibctccum
595 1777 691 1838 adhuc
713 1797 807 1838 unum
828 1779 872 1839 oct
895 1777 978 1838 duos.
995 1822 1003 1837 .
1020 1822 1051 1838 ..
1076 1779 1202 1859 quodsi
1264 1837 1265 1860 2

246 1879 307 1922 ooo
332 1860 467 1922 audierit
493 1879 563 1927 cos,
590 1859 639 1918 dic
661 1858 838 1923 Ecclesiae:
863 1863 890 1921 si
917 1873 1017 1922 actem
1040 1860 1202 1924 Ecclesiam
1264 1871 1265 1896 ³

239 1961 308 2004 non
325 1942 470 2012 audierit,
487 1943 527 2004 cit
547 1941 600 2002 tibi
618 1941 695 2002 siem
709 1942 854 2014 eth-uicus,
873 1951 898 2004 ct
918 1943 1105 2021 publicanus.
1131 1944 1201 2004 lnde

246 2025 403 2086 consuerit
416 2022 550 2086 Ecclesia
573 2041 590 2080 a
606 2023 714 2098 primis
737 2041 831 2099 usque
846 2024 974 2084 sacculis
996 2025 1106 2084 trinam
1121 2027 1203 2086 adhi-

245 2106 318 2168 bere
340 2108 535 2168 monitionem
557 2106 586 2163 in
611 2110 825 2184 peccatorem,
850 2112 884 2166 ut
906 2105 946 2164 ita
971 2111 1200 2172 contumacem.

245 2196 278 2250 ct
292 2207 349 2249 non
360 2189 534 2249 audientem
549 2188 834 2250 excommunicaret.
852 2186 1049 2264 Sequentibus
1062 2191 1201 2268 tempori·
1263 2249 1264 2252 ,

245 2269 313 2338 bus,
331 2276 395 2332 tuni
417 2288 472 2347 pro
488 2270 565 2328 trina
587 2269 677 2330 unica
700 2269 790 2328 etiam
806 2268 966 2345 aliquando
981 2268 1103 2330 monitio
1119 2290 1201 2333 usur-

245 2356 315 2428 pata
337 2356 409 2423 est;
441 2357 505 2411 tum
534 2351 565 2408 in
586 2350 730 2425 gravibus
752 2349 922 2428 quibusque
945 2349 1059 2410 delictis
1082 2370 1200 2414 excom-

123 2467 129 2476 ·
245 2433 479 2496 mum'cationem
502 2433 567 2510 ipso
583 2432 666 2510 jore,
684 2439 711 2490 et
726 2433 788 2510 ipso
802 2430 895 2508 facto,
911 2431 975 2492 sine
992 2435 1114 2508 praevia
1139 2452 1200 2496 mo-

244 2513 357 2576 nitione
378 2511 471 2592 infligi
497 2512 637 2587 obtinuit.
662 2511 728 2572 Mos
749 2517 816 2574 erat
841 2513 872 2574 in
893 2513 989 2584 veteri
1017 2513 1196 2591 disciplina,
1262 2511 1263 2527 ¹

244 2598 281 2654 ut
302 2595 359 2656 lata
381 2592 661 2655 Excommnnicatio
683 2599 789 2656 contra
810 2595 943 2672 aliquem
966 2595 994 2654 in
1016 2614 1076 2656 uua
1096 2593 1198 2658 Eccle-

244 2675 300 2747 sia,
323 2693 378 2753 per
400 2676 514 2739 litteras
529 2677 703 2754 encyclicas,
727 2694 780 2736 seu
795 2677 970 2748 circulares,
994 2680 1103 2740 ceteris
1125 2697 1196 2756 quo-

244 2775 304 2837 que
326 2755 469 2819 Ecclesiis
491 2758 690 2832 nuntiaretur.
714 2756 832 2836 Quippe
860 2777 896 2827 ne
918 2758 1194 2830 Exeommnuicatio
1261 2755 1262 2786 r

243 2840 524 2918 parvipenderetur,
548 2842 695 2900 statuerat
709 2838 875 2901 Concilium
896 2840 1062 2914 Nicaenum
1078 2840 1194 2904 Canonc

227 2919 284 2992 Y,
301 2923 402 2998 utqui
424 2923 453 2980 in
469 2939 529 2982 una
543 2921 698 2998 prouincia
720 2925 1193 3000 communioneprivarentuqab

242 3003 309 3066 aliis
334 3004 392 3062 non
415 3004 612 3078 recipiantur.
634 3002 718 3064 ldem
748 3021 852 3078 poene·
871 3003 1090 3067 observandum
1105 3023 1195 3084 ¹prac-

243 3085 386 3147 scribilur
407 3082 624 3160 inl’ontisrcali
647 3083 795 3146 Romano.
971 3139 974 3154 ,

283 3164 324 3230 V.
348 3166 478 3231 Cautum
500 3172 547 3226 est
568 3165 692 3243 quidem
713 3185 752 3230 ex
774 3165 868 3228 sacris
884 3165 1124 3240 Canooibus„ut
1144 3169 1192 3246 qni
1259 3185 1260 3192 ¹

243 3246 282 3310 ab
306 3249 618 3320 excommunicatione
639 3247 858 3316 absolutionem
873 3250 958 3326 petit,
972 3252 1103 3326 primurn
1114 3249 1193 3328 juret

243 3345 353 3405 parere
383 3330 529 3395 mandatis
554 3329 720 3390 Ecclesiae.
753 3328 800 3394 Sic
816 3331 897 3404 enirn
919 3331 948 3390 in
971 3329 1044 3408 Cap.
1070 3329 1192 3394 Ecleco·
1258 3377 1259 3390 .

244 3425 278 3468 re
299 3408 332 3470 X
349 3409 393 3470 De
421 3412 571 3474 cententio
585 3411 917 3498 -erecommuaipotiooic
943 3411 1080 3484 Secundo
1099 3411 1189 3490 quoad

243 3494 524 3565 reconciliationem
540 3495 872 3557 excommunicatorum
895 3497 1112 3572 spectat-ritus
1132 3495 1187 3574 jam

245 3572 317 3633 olim
346 3572 427 3641 luit,
458 3581 493 3640 ut
512 3575 534 3634 ii
555 3592 614 3637 non
635 3576 725 3637 modo
745 3576 923 3652 prostrati,
954 3577 1120 3649 sedetiam
1140 3595 1188 3640 uu·
