2567 4042
635 163 696 242 inps
718 161 779 227 368
801 170 862 236 us·

268 292 327 354 dex
342 297 398 352 est.
422 291 567 354 Iuventus
580 311 635 370 per
650 291 785 356 Tertiam
799 291 984 368 designatur,
1008 308 1078 351 oram
1092 291 1155 352 solis
1168 309 1204 352 ra·

268 375 311 436 dii
332 373 419 451 longe
442 374 562 451 lateque
590 375 691 436 dillusi
713 374 817 434 orbern
840 379 991 436 terrarum
1016 373 1132 432 nitidius
1152 373 1206 444 illu-

267 462 375 518 strant.
403 455 459 516 Per
481 456 619 527 Sextum,
642 456 729 528 uirile
753 456 856 524 ruitur.
880 456 941 516 sole
963 458 991 514 in
1016 455 1111 514 medio
1132 456 1203 525 coeli,

227 600 233 609 ,
270 545 303 600 ei
314 539 446 598 maxima
457 555 475 596 e
487 544 587 599 terrae
597 539 755 604 altitudine
766 538 939 600 constituto.
951 534 1038 598 Hora
1049 535 1130 596 Noua
1140 537 1206 598 incli-

271 626 341 680 nato
360 617 424 697 jam
446 620 494 680 die
517 621 602 680 larda
621 627 763 682 senectus
775 620 949 682 indicatur«-
959 620 1205 696 Vespereultima

269 708 353 764 aetas
365 703 517 779 decrepita
533 703 665 764 innuitur
680 708 793 776 terram
811 701 984 779 respiciens,
1002 701 1032 758 in
1047 719 1133 776 quam
1148 713 1205 762 mor

269 791 426 846 terrenum
447 802 557 861 corpus
578 785 686 866 νεώ
709 783 808 844 dehet.
832 782 1071 860 Complatorium
1096 781 1211 861 denique

269 867 336 926 aevi
351 868 460 927 seriem
478 863 825 943 completam?vitaeque
841 861 929 924 firrem
944 863 1122 926 manifestat.
1139 865 1209 928 Adeo

215 988 226 998 0
269 948 372 1008 brevis
393 955 439 1008 est
460 948 522 1007 vita
545 953 670 1018 nostra,
703 952 737 1007 nt
759 949 865 1006 unicae
887 945 945 1006 diei
968 948 1065 1006 omnis
1088 947 1149 1025 ejus
1167 949 1208 1015 dc:

269 1047 377 1090 cursus
392 1034 596 1107 comparetur.
619 1027 686 1088 Rex
702 1028 846 1090 Ezechias
869 1027 1019 1086 clamabat
1041 1029 1154 1090 dicens:
1174 1028 1210 1090 De

269 1129 357 1172 mune
378 1131 470 1190 cepoe
492 1111 537 1171 ad·
550 1113 705 1191 perperam
727 1109 809 1189 finies
831 1128 887 1168 me.
905 1108 981 1169 Sunt
1003 1126 1077 1170 vero
1099 1111 1209 1186 quihus

270 1199 441 1269 temporum
465 1189 714 1270 praescriptiones
736 1192 803 1251 ideo
818 1191 1154 1270 censenterdinatasmt
1167 1211 1209 1269 par

271 1279 451 1335 nocturnum
466 1259 949 1350 Olheiudlempustcnehrarnm
966 1277 1036 1332 ante
1052 1272 1157 1334 Christi
1172 1273 1210 1334 ad·

269 1351 399 1416 rentum
417 1355 630 1432 significemus.
655 1355 720 1415 Nox
738 1355 847 1432 enirn,
871 1359 905 1414 ut
924 1354 967 1414 ait
988 1354 1140 1430 Remigius
1160 1355 1208 1414 An·

269 1437 502 1507 tissiodorensis,
520 1437 548 1513 in
571 1438 667 1514 capito
683 1437 789 1498 ultimo
811 1433 917 1506 Jonas,
937 1442 1055 1512 tempus
1079 1437 1209 1516 sigpihcat

220 1571 222 1575 .
269 1526 338 1580 ante
354 1515 464 1579 Christi
486 1519 667 1578 adrentum:
691 1535 744 1595 per
767 1518 908 1590 diurnum
925 1535 996 1578 vero
1019 1521 1137 1598 tempus
1156 1536 1209 1596 gra-

269 1603 329 1662 tiae
351 1607 382 1660 et
404 1599 627 1670 miserationis,
651 1618 710 1676 quo
731 1599 864 1660 visitavit
893 1616 945 1658 nos
967 1597 1066 1658 oriens
1094 1618 1129 1659 ex
1149 1603 1207 1660 alto.

196 1712 200 1717 ·
270 1681 387 1759 Septies
408 1683 498 1759 igitur
521 1679 619 1741 Deum
644 1682 820 1750 laudamus,
852 1682 922 1756 qnia
943 1680 1030 1740 dono'
1044 1680 1208 1756 septiformis

270 1765 384 1842 gratiae
407 1765 505 1824 iucem
539 1768 569 1823 et
600 1763 769 1824 libertatem
793 1762 894 1837 adepti
915 1755 1043 1821 'sumus
1068 1763 1124 1822 Par
1145 1767 1209 1824 esset

270 1845 393 1923 quidem
413 1863 562 1922 supernae
577 1841 773 1904 Hierusalem
789 1842 899 1902 imitari
922 1843 1073 1912 custodes,
1098 1863 1208 1920 qnorum

270 1927 377 1987 militia
400 1932 445 1987 est
464 1943 587 2002 semper
609 1944 676 1986 esse
698 1926 728 1984 in
745 1925 799 1985 Dei
822 1923 981 1993 laudibus,
999 1928 1034 1985 ut
1047 1927 1208 1987 Ambrosius

268 2008 383 2078 scribit,
406 2010 463 2084 qui
474 2025 563 2084 super
575 2025 678 2070 muros
693 2012 833 2068 aeternae
849 2005 976 2066 civitatis
993 2010 1145 2070 constituti
1160 2013 1208 2070 tota

269 2089 316 2150 die
338 2097 368 2150 et
390 2093 450 2150 tota
472 2090 612 2152 noemin
635 2094 815 2166 perpetuum
838 2105 897 2148 non
919 2089 1072 2150 tacebunt.

609 2293 613 2300 ¹
654 2218 781 2317 capua
802 2220 842 2282 n.
921 2303 925 2311 Ι

268 2367 311 2410 ΒΕ
332 2365 481 2421 orriolo,
504 2366 590 2418 QUOD
611 2363 801 2410 socruuuuat
825 2364 1099 2418 senescamus,
1126 2364 1210 2410 nouis

313 2447 397 2491 VERO
418 2447 607 2492 slawahrtm
627 2446 780 2506 hieracha
803 2448 843 2490 ET
866 2448 928 2500 Qun
950 2447 1035 2492 noua
1058 2449 1151 2494 lucrer
1171 2447 1211 2490 ὅθ’

309 2528 426 2571 LERET.
595 2530 603 2545 ⁶

310 2650 336 2711 Ι.
359 2650 545 2712 Nocturnum
568 2649 709 2715 Officium
733 2651 772 2734 (1)
796 2653 838 2728 ita
859 2645 1044 2730 appellatum
1066 2661 1133 2724 est,
1156 2649 1211 2730 quia

269 2731 578 2796 noctu‘reoitahatur.
601 2734 685 2796 lnter
707 2753 811 2796 omnes
831 2733 929 2794 Officii
953 2733 1053 2802 horas,
1078 2743 1207 2796 nocturna

267 2816 299 2874 in
322 2820 383 2875 tota
397 2821 548 2876 vetustate
564 2817 763 2879 celeberrima
778 2822 833 2880 est.
859 2813 1066 2876 Vetustissimi
1083 2816 1209 2880 Christis·

268 2915 389 2964 norum,
413 2897 463 2956 vel
484 2897 556 2974 ipsis
579 2897 748 2960 Gentilibus
772 2897 960 2970 testantibus,
986 2916 1054 2958 eam
1077 2896 1209 2960 sanctissi-

267 2996 317 3038 me
333 2978 504 3040 servabant.
528 2977 576 3038 Sic
591 2978 704 3044 Plinius
717 2977 818 3057 junior
832 2977 966 3057 Epistola
977 2979 1018 3040 75
1042 2978 1109 3040 Lib.
1131 2979 1144 3040 l
1164 2977 1210 3036 Ln-

269 3060 372 3121 cianus
393 3061 422 3120 in
448 3059 594 3139 Dialcgis:
619 3059 668 3120 Aa
685 3063 891 3140 hpmpcmtota
914 3069 997 3120 uoctc
1021 3060 1207 3124 decantantes,

269 3139 439 3220 cipiloutcs.
474 3141 648 3211 lactantius
674 3143 742 3207 Lib.
766 3141 825 3202 Vll
846 3139 918 3218 Cap.
946 3142 984 3202 10
1013 3145 1107 3206 moris
1134 3139 1208 3218 hujus

267 3223 415 3284 rationem
440 3222 588 3282 redditio
609 3223 685 3286 haec
706 3225 822 3286 rerba:
846 3221 938 3284 Nocte
960 3227 1080 3303 cipitias
1095 3219 1207 3286 elabora·

267 3314 476 3385 sarapropter
497 3304 657 3366 adventum
681 3305 771 3386 Rapis
793 3325 828 3366 uc
846 3305 904 3366 Do·
923 3308 1030 3380 nostri.
1051 3306 1155 3386 ,Quoad
1169 3304 1207 3366 ho·

302 3434 340 3493 (1)
358 3434 533 3484 matutinum
544 3471 552 3496 ‚
564 3434 629 3486 haec
647 3449 695 3486 vor
713 3434 822 3500 antiqua
841 3432 979 3488 deducitur
996 3449 1014 3490 a
1030 3442 1136 3488 motato
1151 3433 1204 3484 idest

268 3511 372 3550 aurora.
391 3503 564 3554 sputantem
583 3501 653 3568 apud
673 3511 793 3556 meteres
811 3503 875 3556 haec
893 3505 1031 3570 synonima
1052 3519 1097 3574 pro
1113 3504 1206 3559 eodem,

269 3566 427 3618 Nocturni:
449 3569 564 3637 Vipiliue
580 3572 737 3626 Nocturnae
756 3580 779 3626 et
798 3574 981 3629 Metellarum.
