<?xml version="1.0" encoding="UTF-8"?>
<!DOCTYPE html PUBLIC "-//W3C//DTD XHTML 1.0 Transitional//EN"
    "http://www.w3.org/TR/xhtml1/DTD/xhtml1-transitional.dtd">
<html xmlns="http://www.w3.org/1999/xhtml" xml:lang="en" lang="en">
 <head>
  <title>
</title>
<meta http-equiv="Content-Type" content="text/html;charset=utf-8" />
  <meta name='ocr-system' content='tesseract 3.04.00' />
  <meta name='ocr-capabilities' content='ocr_page ocr_carea ocr_par ocr_line ocrx_word'/>
</head>
<body>
  <div class='ocr_page' id='page_1' title='image "./institutionesli01marigoog_0244.png"; bbox 0 0 2567 4042; ppageno 0'>
   <div class='ocr_carea' id='block_1_1' title="bbox 613 174 838 248">
    <p class='ocr_par' dir='ltr' id='par_1_1' title="bbox 613 174 838 248">
     <span class='ocr_line' id='line_1_1' title="bbox 613 174 838 248; baseline 0.036 -12"><span class='ocrx_word' id='word_1_1' title='bbox 613 174 838 248; x_wconf 49' lang='lat' dir='ltr'><strong>metm&amp;-</strong></span> 
     </span>
    </p>
   </div>
   <div class='ocr_carea' id='block_1_2' title="bbox 246 300 1243 1180">
    <p class='ocr_par' dir='ltr' id='par_1_2' title="bbox 246 293 1243 1114">
     <span class='ocr_line' id='line_1_2' title="bbox 248 300 1199 382; baseline -0.003 -19"><span class='ocrx_word' id='word_1_2' title='bbox 248 305 344 381; x_wconf 82' lang='lat' dir='ltr'><strong>regni,</strong></span> <span class='ocrx_word' id='word_1_3' title='bbox 367 306 415 364; x_wconf 85' lang='lat' dir='ltr'><strong>rel</strong></span> <span class='ocrx_word' id='word_1_4' title='bbox 439 305 583 372; x_wconf 89' lang='lat' dir='ltr'><strong>nationis,</strong></span> <span class='ocrx_word' id='word_1_5' title='bbox 607 302 744 380; x_wconf 88' lang='lat' dir='ltr'><strong>praeside</strong></span> <span class='ocrx_word' id='word_1_6' title='bbox 766 302 902 382; x_wconf 85' lang='lat' dir='ltr'><strong>ejusdem</strong></span> <span class='ocrx_word' id='word_1_7' title='bbox 924 303 1051 364; x_wconf 88' lang='lat' dir='ltr'><strong>nationis</strong></span> <span class='ocrx_word' id='word_1_8' title='bbox 1074 300 1199 362; x_wconf 83' lang='lat' dir='ltr'><strong>Patriar-</strong></span> 
     </span>
     <span class='ocr_line' id='line_1_3' title="bbox 247 381 1243 462; baseline -0.003 -18"><span class='ocrx_word' id='word_1_9' title='bbox 247 386 317 453; x_wconf 92' lang='lat' dir='ltr'><strong>cha,</strong></span> <span class='ocrx_word' id='word_1_10' title='bbox 340 384 388 446; x_wconf 83' lang='lat' dir='ltr'><strong>rel</strong></span> <span class='ocrx_word' id='word_1_11' title='bbox 409 383 552 446; x_wconf 87' lang='lat' dir='ltr'><strong>Primate.</strong></span> <span class='ocrx_word' id='word_1_12' title='bbox 570 383 778 445; x_wconf 83' lang='lat' dir='ltr'><strong>Prouincialio</strong></span> <span class='ocrx_word' id='word_1_13' title='bbox 800 391 885 454; x_wconf 91' lang='lat' dir='ltr'><strong>sunt,</strong></span> <span class='ocrx_word' id='word_1_14' title='bbox 910 385 939 444; x_wconf 94' lang='lat' dir='ltr'><strong>in</strong></span> <span class='ocrx_word' id='word_1_15' title='bbox 962 385 1073 462; x_wconf 89' lang='lat' dir='ltr'><strong>quibus</strong></span> <span class='ocrx_word' id='word_1_16' title='bbox 1095 400 1198 444; x_wconf 87' lang='lat' dir='ltr'><strong>conre-</strong></span> <span class='ocrx_word' id='word_1_17' title='bbox 1242 381 1243 462; x_wconf 55' lang='lat' dir='ltr'><strong>l</strong></span> 
     </span>
     <span class='ocr_line' id='line_1_4' title="bbox 247 463 1243 546; baseline -0.001 -20"><span class='ocrx_word' id='word_1_18' title='bbox 247 469 333 542; x_wconf 90' lang='lat' dir='ltr'><strong>niunt</strong></span> <span class='ocrx_word' id='word_1_19' title='bbox 353 464 494 544; x_wconf 82' lang='lat' dir='ltr'><strong>Episcopi</strong></span> <span class='ocrx_word' id='word_1_20' title='bbox 522 468 609 528; x_wconf 91' lang='lat' dir='ltr'><strong>unius</strong></span> <span class='ocrx_word' id='word_1_21' title='bbox 632 467 808 529; x_wconf 79' lang='lat' dir='ltr'>Provinciae</span> <span class='ocrx_word' id='word_1_22' title='bbox 835 468 891 528; x_wconf 89' lang='lat' dir='ltr'><strong>sub</strong></span> <span class='ocrx_word' id='word_1_23' title='bbox 919 484 1026 526; x_wconf 88' lang='lat' dir='ltr'><strong>eorum</strong></span> <span class='ocrx_word' id='word_1_24' title='bbox 1051 465 1197 541; x_wconf 79' lang='lat' dir='ltr'><strong>Archicpi·</strong></span> <span class='ocrx_word' id='word_1_25' title='bbox 1242 463 1243 546; x_wconf 66' lang='lat' dir='ltr'><strong>l</strong></span> 
     </span>
     <span class='ocr_line' id='line_1_5' title="bbox 247 546 1198 625; baseline -0.006 -15"><span class='ocrx_word' id='word_1_26' title='bbox 247 563 349 625; x_wconf 86' lang='lat' dir='ltr'><strong>scopo,</strong></span> <span class='ocrx_word' id='word_1_27' title='bbox 374 566 427 610; x_wconf 88' lang='lat' dir='ltr'><strong>sen</strong></span> <span class='ocrx_word' id='word_1_28' title='bbox 448 547 692 624; x_wconf 87' lang='lat' dir='ltr'><strong>Metropolitano.</strong></span> <span class='ocrx_word' id='word_1_29' title='bbox 709 546 889 610; x_wconf 82' lang='lat' dir='ltr'><strong>Dioocesono</strong></span> <span class='ocrx_word' id='word_1_30' title='bbox 911 548 1031 609; x_wconf 90' lang='lat' dir='ltr'><strong>tandem</strong></span> <span class='ocrx_word' id='word_1_31' title='bbox 1055 547 1198 606; x_wconf 91' lang='lat' dir='ltr'><strong>nominan-</strong></span> 
     </span>
     <span class='ocr_line' id='line_1_6' title="bbox 249 627 1198 710; baseline -0.004 -19"><span class='ocrx_word' id='word_1_32' title='bbox 249 639 323 699; x_wconf 88' lang='lat' dir='ltr'><strong>tur,</strong></span> <span class='ocrx_word' id='word_1_33' title='bbox 347 648 425 706; x_wconf 88' lang='lat' dir='ltr'><strong>qnae</strong></span> <span class='ocrx_word' id='word_1_34' title='bbox 447 629 574 704; x_wconf 82' lang='lat' dir='ltr'>quilibet</span> <span class='ocrx_word' id='word_1_35' title='bbox 595 627 772 706; x_wconf 80' lang='lat' dir='ltr'><strong>Episcopus</strong></span> <span class='ocrx_word' id='word_1_36' title='bbox 785 637 948 710; x_wconf 78' lang='lat' dir='ltr'><strong>congregat</strong></span> <span class='ocrx_word' id='word_1_37' title='bbox 974 648 1012 692; x_wconf 85' lang='lat' dir='ltr'><strong>ex</strong></span> <span class='ocrx_word' id='word_1_38' title='bbox 1033 628 1198 689; x_wconf 81' lang='lat' dir='ltr'><strong>Parochis‚</strong></span> 
     </span>
     <span class='ocr_line' id='line_1_7' title="bbox 247 708 1200 791; baseline -0.006 -19"><span class='ocrx_word' id='word_1_39' title='bbox 247 711 435 791; x_wconf 81' lang='lat' dir='ltr'><strong>Presbyteris</strong></span> <span class='ocrx_word' id='word_1_40' title='bbox 464 711 591 788; x_wconf 84' lang='lat' dir='ltr'><strong>aliisque</strong></span> <span class='ocrx_word' id='word_1_41' title='bbox 613 708 739 773; x_wconf 87' lang='lat' dir='ltr'><strong>Clericis</strong></span> <span class='ocrx_word' id='word_1_42' title='bbox 771 729 843 774; x_wconf 90' lang='lat' dir='ltr'><strong>suae</strong></span> <span class='ocrx_word' id='word_1_43' title='bbox 870 712 1065 778; x_wconf 88' lang='lat' dir='ltr'><strong>dioeceseos,</strong></span> <span class='ocrx_word' id='word_1_44' title='bbox 1097 709 1200 786; x_wconf 85' lang='lat' dir='ltr'><strong>quibus</strong></span> 
     </span>
     <span class='ocr_line' id='line_1_8' title="bbox 250 789 1200 872; baseline -0.007 -18"><span class='ocrx_word' id='word_1_45' title='bbox 250 798 313 871; x_wconf 92' lang='lat' dir='ltr'><strong>ipse</strong></span> <span class='ocrx_word' id='word_1_46' title='bbox 328 799 466 870; x_wconf 87' lang='lat' dir='ltr'><strong>praeest.</strong></span> <span class='ocrx_word' id='word_1_47' title='bbox 491 791 653 854; x_wconf 76' lang='lat' dir='ltr'><strong>Notissima</strong></span> <span class='ocrx_word' id='word_1_48' title='bbox 676 798 707 854; x_wconf 86' lang='lat' dir='ltr'><strong>et</strong></span> <span class='ocrx_word' id='word_1_49' title='bbox 730 795 906 872; x_wconf 82' lang='lat' dir='ltr'><strong>pervulgata</strong></span> <span class='ocrx_word' id='word_1_50' title='bbox 928 799 975 854; x_wconf 88' lang='lat' dir='ltr'><strong>est</strong></span> <span class='ocrx_word' id='word_1_51' title='bbox 996 793 1072 854; x_wconf 89' lang='lat' dir='ltr'><strong>haec</strong></span> <span class='ocrx_word' id='word_1_52' title='bbox 1103 789 1200 852; x_wconf 89' lang='lat' dir='ltr'><strong>Conci·</strong></span> 
     </span>
     <span class='ocr_line' id='line_1_9' title="bbox 246 874 1198 951; baseline -0.004 -15"><span class='ocrx_word' id='word_1_53' title='bbox 246 877 358 936; x_wconf 84' lang='lat' dir='ltr'><strong>tiorum</strong></span> <span class='ocrx_word' id='word_1_54' title='bbox 381 875 510 942; x_wconf 81' lang='lat' dir='ltr'><strong>divisio,</strong></span> <span class='ocrx_word' id='word_1_55' title='bbox 535 893 662 951; x_wconf 86' lang='lat' dir='ltr'><strong>eamque</strong></span> <span class='ocrx_word' id='word_1_56' title='bbox 685 877 885 947; x_wconf 86' lang='lat' dir='ltr'><strong>communiter</strong></span> <span class='ocrx_word' id='word_1_57' title='bbox 909 874 1032 940; x_wconf 87' lang='lat' dir='ltr'><strong>tradunt</strong></span> <span class='ocrx_word' id='word_1_58' title='bbox 1053 875 1198 938; x_wconf 88' lang='lat' dir='ltr'><strong>doctores,</strong></span> 
     </span>
     <span class='ocr_line' id='line_1_10' title="bbox 249 953 1198 1034; baseline 0 -18"><span class='ocrx_word' id='word_1_59' title='bbox 249 959 429 1034; x_wconf 90' lang='lat' dir='ltr'><strong>praesertim</strong></span> <span class='ocrx_word' id='word_1_60' title='bbox 452 955 602 1016; x_wconf 89' lang='lat' dir='ltr'><strong>Melchior</strong></span> <span class='ocrx_word' id='word_1_61' title='bbox 624 957 735 1026; x_wconf 83' lang='lat' dir='ltr'><strong>Canus,</strong></span> <span class='ocrx_word' id='word_1_62' title='bbox 752 958 977 1028; x_wconf 89' lang='lat' dir='ltr'><strong>Bellarminus,</strong></span> <span class='ocrx_word' id='word_1_63' title='bbox 1001 953 1198 1016; x_wconf 78' lang='lat' dir='ltr'><strong>Cabassutius</strong></span> 
     </span>
     <span class='ocr_line' id='line_1_11' title="bbox 249 1036 604 1114; baseline -0.008 -16"><span class='ocrx_word' id='word_1_64' title='bbox 249 1037 408 1100; x_wconf 79' lang='lat' dir='ltr'><strong>liuvallins</strong></span> <span class='ocrx_word' id='word_1_65' title='bbox 429 1044 461 1098; x_wconf 90' lang='lat' dir='ltr'><strong>et</strong></span> <span class='ocrx_word' id='word_1_66' title='bbox 483 1036 604 1114; x_wconf 82' lang='lat' dir='ltr'><strong>Iloujat.</strong></span> 
     </span>
    </p>

    <p class='ocr_par' dir='ltr' id='par_1_3' title="bbox 289 1114 1200 1180">
     <span class='ocr_line' id='line_1_12' title="bbox 289 1114 1200 1180; baseline -0.009 -1"><span class='ocrx_word' id='word_1_67' title='bbox 289 1118 330 1180; x_wconf 90' lang='lat' dir='ltr'><strong>ll.</strong></span> <span class='ocrx_word' id='word_1_68' title='bbox 355 1118 438 1179; x_wconf 87' lang='lat' dir='ltr'>Olim</span> <span class='ocrx_word' id='word_1_69' title='bbox 460 1120 505 1179; x_wconf 92' lang='lat' dir='ltr'><strong>bis</strong></span> <span class='ocrx_word' id='word_1_70' title='bbox 525 1121 554 1178; x_wconf 95' lang='lat' dir='ltr'><strong>in</strong></span> <span class='ocrx_word' id='word_1_71' title='bbox 570 1137 648 1178; x_wconf 91' lang='lat' dir='ltr'><strong>anno</strong></span> <span class='ocrx_word' id='word_1_72' title='bbox 665 1116 795 1180; x_wconf 81' lang='lat' dir='ltr'><strong>Consilia</strong></span> <span class='ocrx_word' id='word_1_73' title='bbox 811 1118 1007 1180; x_wconf 78' lang='lat' dir='ltr'><strong>Pnorincialia</strong></span> <span class='ocrx_word' id='word_1_74' title='bbox 1030 1114 1200 1178; x_wconf 87' lang='lat' dir='ltr'><strong>celebranda</strong></span> 
     </span>
    </p>
   </div>
   <div class='ocr_carea' id='block_1_3' title="bbox 134 1195 1211 3640">
    <p class='ocr_par' dir='ltr' id='par_1_4' title="bbox 250 1195 1200 1268">
     <span class='ocr_line' id='line_1_13' title="bbox 250 1195 1200 1268; baseline -0.004 -8"><span class='ocrx_word' id='word_1_75' title='bbox 250 1203 355 1268; x_wconf 85' lang='lat' dir='ltr'><strong>tuisse,</strong></span> <span class='ocrx_word' id='word_1_76' title='bbox 371 1207 488 1262; x_wconf 90' lang='lat' dir='ltr'><strong>constat</strong></span> <span class='ocrx_word' id='word_1_77' title='bbox 502 1220 540 1262; x_wconf 83' lang='lat' dir='ltr'><strong>ex</strong></span> <span class='ocrx_word' id='word_1_78' title='bbox 555 1200 677 1263; x_wconf 80' lang='lat' dir='ltr'><strong>Conone</strong></span> <span class='ocrx_word' id='word_1_79' title='bbox 694 1199 734 1260; x_wconf 85' lang='lat'><strong>38</strong></span> <span class='ocrx_word' id='word_1_80' title='bbox 756 1203 830 1263; x_wconf 92' lang='lat' dir='ltr'><strong>alias</strong></span> <span class='ocrx_word' id='word_1_81' title='bbox 845 1201 884 1260; x_wconf 88' lang='lat'><strong>30</strong></span> <span class='ocrx_word' id='word_1_82' title='bbox 906 1220 945 1263; x_wconf 82' lang='lat' dir='ltr'><strong>ex</strong></span> <span class='ocrx_word' id='word_1_83' title='bbox 962 1201 1136 1262; x_wconf 82' lang='lat' dir='ltr'><strong>recensione</strong></span> <span class='ocrx_word' id='word_1_84' title='bbox 1151 1195 1200 1257; x_wconf 83' lang='lat' dir='ltr'><strong>Co·</strong></span> 
     </span>
    </p>

    <p class='ocr_par' dir='ltr' id='par_1_5' title="bbox 216 1279 1202 1850">
     <span class='ocr_line' id='line_1_14' title="bbox 216 1279 1202 1360; baseline -0.01 -15"><span class='ocrx_word' id='word_1_85' title='bbox 216 1293 218 1297; x_wconf 84' lang='grc'><strong>’</strong></span> <span class='ocrx_word' id='word_1_86' title='bbox 250 1283 348 1345; x_wconf 88' lang='lat' dir='ltr'><strong>telerii</strong></span> <span class='ocrx_word' id='word_1_87' title='bbox 372 1283 461 1344; x_wconf 88' lang='lat' dir='ltr'><strong>Tom.</strong></span> <span class='ocrx_word' id='word_1_88' title='bbox 485 1282 498 1342; x_wconf 96' lang='lat' dir='ltr'><strong>l</strong></span> <span class='ocrx_word' id='word_1_89' title='bbox 520 1299 588 1360; x_wconf 83' lang='lat' dir='ltr'><strong>pag.</strong></span> <span class='ocrx_word' id='word_1_90' title='bbox 614 1279 674 1341; x_wconf 73' lang='lat' dir='ltr'><strong>lli</strong></span> <span class='ocrx_word' id='word_1_91' title='bbox 696 1301 738 1344; x_wconf 82' lang='lat' dir='ltr'><strong>err</strong></span> <span class='ocrx_word' id='word_1_92' title='bbox 759 1283 816 1352; x_wconf 93' lang='lat' dir='ltr'><strong>his,</strong></span> <span class='ocrx_word' id='word_1_93' title='bbox 840 1284 893 1358; x_wconf 88' lang='lat' dir='ltr'><strong>qui</strong></span> <span class='ocrx_word' id='word_1_94' title='bbox 915 1284 1058 1342; x_wconf 89' lang='lat' dir='ltr'><strong>dicuutur</strong></span> <span class='ocrx_word' id='word_1_95' title='bbox 1082 1280 1202 1358; x_wconf 82' lang='lat' dir='ltr'><strong>Aposlo</strong></span> 
     </span>
     <span class='ocr_line' id='line_1_15' title="bbox 247 1360 1201 1443; baseline -0.009 -19"><span class='ocrx_word' id='word_1_96' title='bbox 247 1367 323 1425; x_wconf 88' lang='lat' dir='ltr'><strong>lici:</strong></span> <span class='ocrx_word' id='word_1_97' title='bbox 348 1363 402 1426; x_wconf 80' lang='lat' dir='ltr'><strong>Bis</strong></span> <span class='ocrx_word' id='word_1_98' title='bbox 430 1366 465 1424; x_wconf 81' lang='lat' dir='ltr'><strong>in</strong></span> <span class='ocrx_word' id='word_1_99' title='bbox 493 1381 573 1422; x_wconf 79' lang='lat' dir='ltr'><strong>anno</strong></span> <span class='ocrx_word' id='word_1_100' title='bbox 595 1360 809 1443; x_wconf 82' lang='lat' dir='ltr'><strong>Episcoporom</strong></span> <span class='ocrx_word' id='word_1_101' title='bbox 833 1363 970 1426; x_wconf 78' lang='lat' dir='ltr'><strong>Consilia</strong></span> <span class='ocrx_word' id='word_1_102' title='bbox 997 1365 1201 1424; x_wconf 76' lang='lat' dir='ltr'><strong>celebrentur:</strong></span> 
     </span>
     <span class='ocr_line' id='line_1_16' title="bbox 246 1443 1200 1522; baseline -0.008 -16"><span class='ocrx_word' id='word_1_103' title='bbox 246 1448 297 1509; x_wconf 89' lang='lat' dir='ltr'><strong>cui</strong></span> <span class='ocrx_word' id='word_1_104' title='bbox 319 1452 464 1508; x_wconf 78' lang='lat' dir='ltr'><strong>consonat</strong></span> <span class='ocrx_word' id='word_1_105' title='bbox 484 1443 586 1506; x_wconf 88' lang='lat' dir='ltr'><strong>Canon</strong></span> <span class='ocrx_word' id='word_1_106' title='bbox 608 1446 732 1522; x_wconf 87' lang='lat' dir='ltr'><strong>quintus</strong></span> <span class='ocrx_word' id='word_1_107' title='bbox 753 1445 877 1507; x_wconf 85' lang='lat' dir='ltr'><strong>Concilii</strong></span> <span class='ocrx_word' id='word_1_108' title='bbox 900 1445 1048 1512; x_wconf 90' lang='lat' dir='ltr'><strong>Nicaeni,</strong></span> <span class='ocrx_word' id='word_1_109' title='bbox 1080 1461 1116 1504; x_wconf 80' lang='lat' dir='ltr'><strong>ex</strong></span> <span class='ocrx_word' id='word_1_110' title='bbox 1140 1457 1200 1500; x_wconf 86' lang='lat' dir='ltr'><strong>ver-</strong></span> 
     </span>
     <span class='ocr_line' id='line_1_17' title="bbox 245 1521 1199 1608; baseline -0.009 -20"><span class='ocrx_word' id='word_1_111' title='bbox 245 1531 331 1589; x_wconf 88' lang='lat' dir='ltr'><strong>sione</strong></span> <span class='ocrx_word' id='word_1_112' title='bbox 352 1528 489 1608; x_wconf 77' lang='lat' dir='ltr'><strong>Dionysii</strong></span> <span class='ocrx_word' id='word_1_113' title='bbox 504 1525 613 1604; x_wconf 79' lang='lat' dir='ltr'><strong>Exigui</strong></span> <span class='ocrx_word' id='word_1_114' title='bbox 629 1527 717 1588; x_wconf 88' lang='lat' dir='ltr'><strong>Tem.</strong></span> <span class='ocrx_word' id='word_1_115' title='bbox 736 1525 750 1586; x_wconf 96' lang='grc' dir='ltr'>Ι</span> <span class='ocrx_word' id='word_1_116' title='bbox 765 1528 954 1589; x_wconf 88' lang='lat' dir='ltr'><strong>Collectionis</strong></span> <span class='ocrx_word' id='word_1_117' title='bbox 974 1523 1129 1600; x_wconf 86' lang='lat' dir='ltr'><strong>Harduini</strong></span> <span class='ocrx_word' id='word_1_118' title='bbox 1143 1521 1199 1584; x_wconf 87' lang='lat' dir='ltr'><strong>Col.</strong></span> 
     </span>
     <span class='ocr_line' id='line_1_18' title="bbox 247 1601 1202 1688; baseline -0.006 -20"><span class='ocrx_word' id='word_1_119' title='bbox 247 1608 321 1669; x_wconf 71' lang='lat'><strong>326.</strong></span> <span class='ocrx_word' id='word_1_120' title='bbox 352 1609 446 1686; x_wconf 89' lang='lat' dir='ltr'><strong>ldque</strong></span> <span class='ocrx_word' id='word_1_121' title='bbox 474 1609 615 1685; x_wconf 86' lang='lat' dir='ltr'><strong>religiose</strong></span> <span class='ocrx_word' id='word_1_122' title='bbox 644 1609 760 1670; x_wconf 86' lang='lat' dir='ltr'><strong>servari</strong></span> <span class='ocrx_word' id='word_1_123' title='bbox 787 1608 877 1688; x_wconf 85' lang='lat' dir='ltr'><strong>jussit</strong></span> <span class='ocrx_word' id='word_1_124' title='bbox 898 1609 958 1669; x_wconf 91' lang='lat' dir='ltr'><strong>Leo</strong></span> <span class='ocrx_word' id='word_1_125' title='bbox 988 1607 1121 1684; x_wconf 83' lang='lat' dir='ltr'><strong>Magnus</strong></span> <span class='ocrx_word' id='word_1_126' title='bbox 1141 1601 1202 1680; x_wconf 89' lang='lat' dir='ltr'><strong>Epi·</strong></span> 
     </span>
     <span class='ocr_line' id='line_1_19' title="bbox 246 1688 1201 1764; baseline -0.006 -14"><span class='ocrx_word' id='word_1_127' title='bbox 246 1692 390 1751; x_wconf 79' lang='lat' dir='ltr'><strong>stola12</strong></span> <span class='ocrx_word' id='word_1_128' title='bbox 416 1691 452 1751; x_wconf 89' lang='lat' dir='ltr'><strong>ad</strong></span> <span class='ocrx_word' id='word_1_129' title='bbox 483 1688 674 1751; x_wconf 69' lang='lat' dir='ltr'><strong>Anastasiou]</strong></span> <span class='ocrx_word' id='word_1_130' title='bbox 704 1689 1001 1752; x_wconf 80' lang='lat' dir='ltr'><strong>Thessalonicensem</strong></span> <span class='ocrx_word' id='word_1_131' title='bbox 1024 1688 1201 1764; x_wconf 84' lang='lat' dir='ltr'><strong>Episcopum</strong></span> 
     </span>
     <span class='ocr_line' id='line_1_20' title="bbox 247 1767 1202 1850; baseline -0.006 -19"><span class='ocrx_word' id='word_1_132' title='bbox 247 1769 321 1850; x_wconf 83' lang='lat' dir='ltr'><strong>Cap.</strong></span> <span class='ocrx_word' id='word_1_133' title='bbox 346 1773 366 1830; x_wconf 83' lang='lat'><strong>7</strong></span> <span class='ocrx_word' id='word_1_134' title='bbox 389 1774 482 1833; x_wconf 85' lang='lat' dir='ltr'><strong>relala</strong></span> <span class='ocrx_word' id='word_1_135' title='bbox 503 1791 521 1833; x_wconf 93' lang='lat' dir='ltr'><strong>a</strong></span> <span class='ocrx_word' id='word_1_136' title='bbox 542 1771 719 1832; x_wconf 87' lang='lat' dir='ltr'><strong>Bnrchardo</strong></span> <span class='ocrx_word' id='word_1_137' title='bbox 742 1772 840 1832; x_wconf 88' lang='lat' dir='ltr'><strong>Lib.l</strong></span> <span class='ocrx_word' id='word_1_138' title='bbox 861 1771 934 1850; x_wconf 85' lang='lat' dir='ltr'><strong>Cap.</strong></span> <span class='ocrx_word' id='word_1_139' title='bbox 954 1770 994 1830; x_wconf 84' lang='lat' dir='ltr'><strong>l3</strong></span> <span class='ocrx_word' id='word_1_140' title='bbox 1015 1776 1046 1831; x_wconf 89' lang='lat' dir='ltr'><strong>et</strong></span> <span class='ocrx_word' id='word_1_141' title='bbox 1061 1789 1081 1829; x_wconf 90' lang='lat' dir='ltr'><strong>a</strong></span> <span class='ocrx_word' id='word_1_142' title='bbox 1095 1767 1202 1830; x_wconf 83' lang='lat' dir='ltr'><strong>Gratia·</strong></span> 
     </span>
    </p>

    <p class='ocr_par' dir='ltr' id='par_1_6' title="bbox 244 1849 1211 2096">
     <span class='ocr_line' id='line_1_21' title="bbox 247 1849 1211 1933; baseline -0.007 -21"><span class='ocrx_word' id='word_1_143' title='bbox 247 1872 285 1912; x_wconf 96' lang='lat' dir='ltr'><strong>no</strong></span> <span class='ocrx_word' id='word_1_144' title='bbox 307 1851 379 1914; x_wconf 88' lang='lat' dir='ltr'><strong>Can.</strong></span> <span class='ocrx_word' id='word_1_145' title='bbox 398 1852 509 1914; x_wconf 74' lang='lat' dir='ltr'><strong>suist.</strong></span> <span class='ocrx_word' id='word_1_146' title='bbox 530 1851 566 1911; x_wconf 88' lang='lat' dir='ltr'><strong>l8</strong></span> <span class='ocrx_word' id='word_1_147' title='bbox 582 1854 731 1930; x_wconf 85' lang='lat' dir='ltr'><strong>inquiens:</strong></span> <span class='ocrx_word' id='word_1_148' title='bbox 750 1855 793 1914; x_wconf 82' lang='lat' dir='ltr'><strong>Do</strong></span> <span class='ocrx_word' id='word_1_149' title='bbox 813 1853 956 1916; x_wconf 79' lang='lat' dir='ltr'><strong>Consiliis</strong></span> <span class='ocrx_word' id='word_1_150' title='bbox 972 1849 1211 1933; x_wconf 60' lang='lat' dir='ltr'><strong>carlemanno.</strong></span> 
     </span>
     <span class='ocr_line' id='line_1_22' title="bbox 244 1932 1201 2015; baseline -0.009 -20"><span class='ocrx_word' id='word_1_151' title='bbox 244 1937 364 2015; x_wconf 77' lang='lat' dir='ltr'><strong>polibus</strong></span> <span class='ocrx_word' id='word_1_152' title='bbox 386 1955 446 1996; x_wconf 79' lang='lat' dir='ltr'><strong>oon</strong></span> <span class='ocrx_word' id='word_1_153' title='bbox 468 1934 554 1995; x_wconf 82' lang='lat' dir='ltr'><strong>aliod</strong></span> <span class='ocrx_word' id='word_1_154' title='bbox 574 1935 739 1995; x_wconf 77' lang='lat' dir='ltr'><strong>indicimus</strong></span> <span class='ocrx_word' id='word_1_155' title='bbox 761 1953 852 2013; x_wconf 83' lang='lat' dir='ltr'><strong>qoam</strong></span> <span class='ocrx_word' id='word_1_156' title='bbox 875 1933 951 2014; x_wconf 82' lang='lat' dir='ltr'><strong>qood</strong></span> <span class='ocrx_word' id='word_1_157' title='bbox 978 1933 1087 1996; x_wconf 82' lang='lat' dir='ltr'><strong>Sancti</strong></span> <span class='ocrx_word' id='word_1_158' title='bbox 1103 1932 1201 1993; x_wconf 81' lang='lat' dir='ltr'><strong>Patres</strong></span> 
     </span>
     <span class='ocr_line' id='line_1_23' title="bbox 249 2016 1202 2096; baseline -0.006 -20"><span class='ocrx_word' id='word_1_159' title='bbox 249 2018 411 2078; x_wconf 79' lang='lat' dir='ltr'><strong>salubriter</strong></span> <span class='ocrx_word' id='word_1_160' title='bbox 432 2016 624 2088; x_wconf 78' lang='lat' dir='ltr'><strong>ordinarunt,</strong></span> <span class='ocrx_word' id='word_1_161' title='bbox 641 2027 675 2078; x_wconf 81' lang='lat' dir='ltr'><strong>ot</strong></span> <span class='ocrx_word' id='word_1_162' title='bbox 696 2017 806 2078; x_wconf 83' lang='lat' dir='ltr'><strong>scilicet</strong></span> <span class='ocrx_word' id='word_1_163' title='bbox 826 2018 889 2078; x_wconf 82' lang='lat' dir='ltr'><strong>bini</strong></span> <span class='ocrx_word' id='word_1_164' title='bbox 905 2025 1065 2090; x_wconf 79' lang='lat' dir='ltr'><strong>conuentus</strong></span> <span class='ocrx_word' id='word_1_165' title='bbox 1083 2033 1141 2096; x_wconf 82' lang='lat' dir='ltr'><strong>por</strong></span> <span class='ocrx_word' id='word_1_166' title='bbox 1156 2029 1202 2071; x_wconf 85' lang='lat' dir='ltr'><strong>on·</strong></span> 
     </span>
    </p>

    <p class='ocr_par' dir='ltr' id='par_1_7' title="bbox 174 2092 1202 2502">
     <span class='ocr_line' id='line_1_24' title="bbox 174 2092 1200 2177; baseline -0.005 -18"><span class='ocrx_word' id='word_1_167' title='bbox 174 2106 177 2111; x_wconf 59' lang='lat'><strong>⁴</strong></span> <span class='ocrx_word' id='word_1_168' title='bbox 250 2119 300 2159; x_wconf 80' lang='lat' dir='ltr'><strong>nos</strong></span> <span class='ocrx_word' id='word_1_169' title='bbox 325 2100 456 2177; x_wconf 77' lang='lat' dir='ltr'><strong>sispalos</strong></span> <span class='ocrx_word' id='word_1_170' title='bbox 481 2092 757 2159; x_wconf 76' lang='lat' dir='ltr'><strong>habeantur.llaec</strong></span> <span class='ocrx_word' id='word_1_171' title='bbox 783 2099 888 2160; x_wconf 91' lang='lat' dir='ltr'><strong>eadem</strong></span> <span class='ocrx_word' id='word_1_172' title='bbox 911 2097 1069 2174; x_wconf 85' lang='lat' dir='ltr'><strong>disciplina</strong></span> <span class='ocrx_word' id='word_1_173' title='bbox 1095 2099 1124 2157; x_wconf 93' lang='lat' dir='ltr'><strong>in</strong></span> <span class='ocrx_word' id='word_1_174' title='bbox 1147 2094 1200 2172; x_wconf 90' lang='lat' dir='ltr'><strong>ple-</strong></span> 
     </span>
     <span class='ocr_line' id='line_1_25' title="bbox 248 2179 1201 2258; baseline -0.008 -18"><span class='ocrx_word' id='word_1_175' title='bbox 248 2182 350 2256; x_wconf 89' lang='lat' dir='ltr'><strong>risque</strong></span> <span class='ocrx_word' id='word_1_176' title='bbox 378 2183 486 2255; x_wconf 86' lang='lat' dir='ltr'><strong>sallem</strong></span> <span class='ocrx_word' id='word_1_177' title='bbox 515 2181 676 2258; x_wconf 88' lang='lat' dir='ltr'><strong>provinciis</strong></span> <span class='ocrx_word' id='word_1_178' title='bbox 705 2181 911 2256; x_wconf 81' lang='lat' dir='ltr'><strong>perseverarit</strong></span> <span class='ocrx_word' id='word_1_179' title='bbox 939 2179 1061 2239; x_wconf 89' lang='lat' dir='ltr'><strong>sacculo</strong></span> <span class='ocrx_word' id='word_1_180' title='bbox 1093 2183 1201 2239; x_wconf 81' lang='lat' dir='ltr'><strong>oetam.</strong></span> 
     </span>
     <span class='ocr_line' id='line_1_26' title="bbox 247 2259 1202 2340; baseline -0.009 -18"><span class='ocrx_word' id='word_1_181' title='bbox 247 2262 325 2336; x_wconf 83' lang='lat' dir='ltr'><strong>Quia</strong></span> <span class='ocrx_word' id='word_1_182' title='bbox 347 2280 438 2339; x_wconf 89' lang='lat' dir='ltr'><strong>porro</strong></span> <span class='ocrx_word' id='word_1_183' title='bbox 452 2259 586 2322; x_wconf 86' lang='lat' dir='ltr'><strong>Concilia</strong></span> <span class='ocrx_word' id='word_1_184' title='bbox 600 2261 799 2322; x_wconf 90' lang='lat' dir='ltr'><strong>Provincialia</strong></span> <span class='ocrx_word' id='word_1_185' title='bbox 820 2277 940 2340; x_wconf 78' lang='lat' dir='ltr'><strong>semper</strong></span> <span class='ocrx_word' id='word_1_186' title='bbox 962 2261 1202 2322; x_wconf 90' lang='lat' dir='ltr'><strong>consectabantur</strong></span> 
     </span>
     <span class='ocr_line' id='line_1_27' title="bbox 249 2337 1201 2422; baseline -0.008 -18"><span class='ocrx_word' id='word_1_187' title='bbox 249 2344 361 2422; x_wconf 79' lang='lat' dir='ltr'><strong>Synodi</strong></span> <span class='ocrx_word' id='word_1_188' title='bbox 378 2343 592 2416; x_wconf 81' lang='lat' dir='ltr'><strong>Diocaesanae,</strong></span> <span class='ocrx_word' id='word_1_189' title='bbox 616 2343 658 2422; x_wconf 77' lang='lat' dir='ltr'><strong>ut&#39;</strong></span> <span class='ocrx_word' id='word_1_190' title='bbox 673 2343 751 2403; x_wconf 90' lang='lat' dir='ltr'><strong>edita</strong></span> <span class='ocrx_word' id='word_1_191' title='bbox 773 2345 804 2402; x_wconf 92' lang='lat' dir='ltr'><strong>in</strong></span> <span class='ocrx_word' id='word_1_192' title='bbox 825 2344 883 2405; x_wconf 90' lang='lat' dir='ltr'><strong>illis</strong></span> <span class='ocrx_word' id='word_1_193' title='bbox 903 2343 1027 2403; x_wconf 83' lang='lat' dir='ltr'><strong>decreta</strong></span> <span class='ocrx_word' id='word_1_194' title='bbox 1049 2337 1201 2416; x_wconf 77' lang='lat' dir='ltr'><strong>asingulis</strong></span> 
     </span>
     <span class='ocr_line' id='line_1_28' title="bbox 249 2423 1202 2502; baseline -0.006 -18"><span class='ocrx_word' id='word_1_195' title='bbox 249 2426 409 2502; x_wconf 65' lang='lat' dir='ltr'><strong>Episcopis,</strong></span> <span class='ocrx_word' id='word_1_196' title='bbox 427 2427 457 2485; x_wconf 91' lang='lat' dir='ltr'><strong>in</strong></span> <span class='ocrx_word' id='word_1_197' title='bbox 473 2426 519 2485; x_wconf 91' lang='lat' dir='ltr'><strong>his</strong></span> <span class='ocrx_word' id='word_1_198' title='bbox 534 2423 810 2502; x_wconf 81' lang='lat' dir='ltr'><strong>promulgarentur,</strong></span> <span class='ocrx_word' id='word_1_199' title='bbox 828 2425 914 2486; x_wconf 88' lang='lat' dir='ltr'><strong>sicuti</strong></span> <span class='ocrx_word' id='word_1_200' title='bbox 938 2426 1064 2484; x_wconf 83' lang='lat' dir='ltr'><strong>cautum</strong></span> <span class='ocrx_word' id='word_1_201' title='bbox 1081 2423 1202 2500; x_wconf 82' lang='lat' dir='ltr'><strong>legimns</strong></span> 
     </span>
    </p>

    <p class='ocr_par' dir='ltr' id='par_1_8' title="bbox 175 2501 1202 2830">
     <span class='ocr_line' id='line_1_29' title="bbox 175 2501 1202 2650; baseline -0.008 -84"><span class='ocrx_word' id='word_1_202' title='bbox 175 2516 180 2526; x_wconf 90' lang='lat'>&#39;</span> <span class='ocrx_word' id='word_1_203' title='bbox 250 2504 838 2650; x_wconf 47' lang='lat' dir='ltr'><strong>dededsquercdmffidiletepidesdffifn</strong></span> <span class='ocrx_word' id='word_1_204' title='bbox 854 2505 1032 2648; x_wconf 48' lang='lat' dir='ltr'><strong>alalTraletano</strong></span> <span class='ocrx_word' id='word_1_205' title='bbox 1047 2504 1128 2648; x_wconf 63' lang='lat' dir='ltr'><strong>Xdss</strong></span> <span class='ocrx_word' id='word_1_206' title='bbox 1135 2501 1202 2644; x_wconf 61' lang='lat' dir='ltr'><strong>taioni</strong></span> 
     </span>
     <span class='ocr_line' id='line_1_30' title="bbox 312 2600 1199 2665; baseline -0.009 -15"><span class='ocrx_word' id='word_1_207' title='bbox 312 2654 316 2661; x_wconf 64' lang='grc'>,</span> <span class='ocrx_word' id='word_1_208' title='bbox 354 2606 410 2665; x_wconf 79' lang='lat' dir='ltr'><strong>ap.</strong></span> <span class='ocrx_word' id='word_1_209' title='bbox 496 2605 562 2662; x_wconf 61' lang='lat' dir='ltr'><strong>om,</strong></span> <span class='ocrx_word' id='word_1_210' title='bbox 666 2606 832 2650; x_wconf 88' lang='lat' dir='ltr'><strong>oecroms</strong></span> <span class='ocrx_word' id='word_1_211' title='bbox 886 2606 919 2648; x_wconf 87' lang='lat' dir='ltr'><strong>ar</strong></span> <span class='ocrx_word' id='word_1_212' title='bbox 943 2603 1078 2654; x_wconf 84' lang='lat' dir='ltr'><strong>urnr‚u</strong></span> <span class='ocrx_word' id='word_1_213' title='bbox 1116 2600 1199 2648; x_wconf 89' lang='lat' dir='ltr'><strong>eam</strong></span> 
     </span>
     <span class='ocr_line' id='line_1_31' title="bbox 250 2665 1200 2748; baseline -0.001 -21"><span class='ocrx_word' id='word_1_214' title='bbox 250 2667 383 2748; x_wconf 82' lang='lat' dir='ltr'><strong>advertit</strong></span> <span class='ocrx_word' id='word_1_215' title='bbox 403 2669 605 2732; x_wconf 86' lang='lat' dir='ltr'><strong>Thomasinus</strong></span> <span class='ocrx_word' id='word_1_216' title='bbox 619 2665 663 2727; x_wconf 84' lang='lat' dir='ltr'><strong>De</strong></span> <span class='ocrx_word' id='word_1_217' title='bbox 685 2671 779 2731; x_wconf 77' lang='lat' dir='ltr'><strong>obteri</strong></span> <span class='ocrx_word' id='word_1_218' title='bbox 801 2681 826 2730; x_wconf 81' lang='lat' dir='ltr'><strong>ct</strong></span> <span class='ocrx_word' id='word_1_219' title='bbox 848 2687 924 2730; x_wconf 81' lang='lat' dir='ltr'><strong>oona</strong></span> <span class='ocrx_word' id='word_1_220' title='bbox 938 2666 1089 2730; x_wconf 79' lang='lat' dir='ltr'><strong>Ecclesiae</strong></span> <span class='ocrx_word' id='word_1_221' title='bbox 1113 2665 1200 2728; x_wconf 84' lang='lat' dir='ltr'><strong>Disci-</strong></span> 
     </span>
     <span class='ocr_line' id='line_1_32' title="bbox 246 2747 1198 2830; baseline 0.003 -18"><span class='ocrx_word' id='word_1_222' title='bbox 246 2751 336 2830; x_wconf 82' lang='lat' dir='ltr'><strong>plina</strong></span> <span class='ocrx_word' id='word_1_223' title='bbox 360 2758 436 2828; x_wconf 89' lang='lat' dir='ltr'><strong>part.</strong></span> <span class='ocrx_word' id='word_1_224' title='bbox 460 2751 481 2812; x_wconf 73' lang='lat'><strong>2</strong></span> <span class='ocrx_word' id='word_1_225' title='bbox 502 2750 568 2811; x_wconf 88' lang='lat' dir='ltr'><strong>Lib.</strong></span> <span class='ocrx_word' id='word_1_226' title='bbox 591 2747 636 2812; x_wconf 93' lang='lat' dir='ltr'><strong>Ill</strong></span> <span class='ocrx_word' id='word_1_227' title='bbox 651 2748 730 2829; x_wconf 79' lang='lat' dir='ltr'><strong>¹Cap.</strong></span> <span class='ocrx_word' id='word_1_228' title='bbox 754 2750 795 2812; x_wconf 80' lang='lat'><strong>73</strong></span> <span class='ocrx_word' id='word_1_229' title='bbox 818 2771 847 2811; x_wconf 93' lang='lat' dir='ltr'><strong>u.</strong></span> <span class='ocrx_word' id='word_1_230' title='bbox 863 2750 896 2822; x_wconf 57' lang='grc' dir='ltr'><strong>ΑΙ;</strong></span> <span class='ocrx_word' id='word_1_231' title='bbox 922 2749 990 2810; x_wconf 91' lang='lat' dir='ltr'><strong>inde</strong></span> <span class='ocrx_word' id='word_1_232' title='bbox 1014 2747 1130 2810; x_wconf 86' lang='lat' dir='ltr'><strong>lactum</strong></span> <span class='ocrx_word' id='word_1_233' title='bbox 1151 2750 1198 2814; x_wconf 85' lang='lat' dir='ltr'><strong>esb</strong></span> 
     </span>
    </p>

    <p class='ocr_par' dir='ltr' id='par_1_9' title="bbox 242 2829 1201 3234">
     <span class='ocr_line' id='line_1_33' title="bbox 252 2829 1201 2914; baseline -0.004 -24"><span class='ocrx_word' id='word_1_234' title='bbox 252 2837 285 2892; x_wconf 89' lang='lat' dir='ltr'><strong>nt</strong></span> <span class='ocrx_word' id='word_1_235' title='bbox 300 2832 387 2893; x_wconf 87' lang='lat' dir='ltr'><strong>binae</strong></span> <span class='ocrx_word' id='word_1_236' title='bbox 408 2837 522 2912; x_wconf 83' lang='lat' dir='ltr'><strong>pariter</strong></span> <span class='ocrx_word' id='word_1_237' title='bbox 536 2833 648 2914; x_wconf 76' lang='lat' dir='ltr'><strong>Synodi</strong></span> <span class='ocrx_word' id='word_1_238' title='bbox 662 2829 864 2906; x_wconf 85' lang='lat' dir='ltr'><strong>Ilioecesanae</strong></span> <span class='ocrx_word' id='word_1_239' title='bbox 884 2832 1045 2910; x_wconf 87' lang='lat' dir='ltr'><strong>quotannis</strong></span> <span class='ocrx_word' id='word_1_240' title='bbox 1061 2831 1201 2894; x_wconf 87' lang='lat' dir='ltr'><strong>haberen-</strong></span> 
     </span>
     <span class='ocr_line' id='line_1_34' title="bbox 252 2913 1201 2990; baseline -0.006 -18"><span class='ocrx_word' id='word_1_241' title='bbox 252 2919 313 2973; x_wconf 92' lang='lat' dir='ltr'><strong>tur.</strong></span> <span class='ocrx_word' id='word_1_242' title='bbox 330 2913 503 2988; x_wconf 85' lang='lat' dir='ltr'><strong>Quinimmo</strong></span> <span class='ocrx_word' id='word_1_243' title='bbox 533 2916 562 2974; x_wconf 90' lang='lat' dir='ltr'><strong>in</strong></span> <span class='ocrx_word' id='word_1_244' title='bbox 583 2915 733 2975; x_wconf 87' lang='lat' dir='ltr'><strong>nonnullis</strong></span> <span class='ocrx_word' id='word_1_245' title='bbox 749 2914 940 2975; x_wconf 87' lang='lat' dir='ltr'><strong>Dioecesibus</strong></span> <span class='ocrx_word' id='word_1_246' title='bbox 952 2913 1111 2990; x_wconf 79' lang='lat' dir='ltr'><strong>designati</strong></span> <span class='ocrx_word' id='word_1_247' title='bbox 1126 2914 1201 2973; x_wconf 81' lang='lat' dir='ltr'><strong>erant</strong></span> 
     </span>
     <span class='ocr_line' id='line_1_35' title="bbox 252 2991 1200 3078; baseline -0.005 -24"><span class='ocrx_word' id='word_1_248' title='bbox 252 2996 328 3074; x_wconf 78' lang='lat' dir='ltr'><strong>certi</strong></span> <span class='ocrx_word' id='word_1_249' title='bbox 350 2996 425 3069; x_wconf 84' lang='lat' dir='ltr'><strong>dies,</strong></span> <span class='ocrx_word' id='word_1_250' title='bbox 448 2997 555 3078; x_wconf 85' lang='lat' dir='ltr'><strong>quibus</strong></span> <span class='ocrx_word' id='word_1_251' title='bbox 577 2997 750 3076; x_wconf 87' lang='lat' dir='ltr'><strong>praedictae</strong></span> <span class='ocrx_word' id='word_1_252' title='bbox 766 2995 878 3076; x_wconf 75' lang='lat' dir='ltr'><strong>Synodi</strong></span> <span class='ocrx_word' id='word_1_253' title='bbox 901 2995 1097 3064; x_wconf 86' lang='lat' dir='ltr'><strong>haberentur,</strong></span> <span class='ocrx_word' id='word_1_254' title='bbox 1123 2991 1200 3054; x_wconf 92' lang='lat' dir='ltr'><strong>nimi·</strong></span> 
     </span>
     <span class='ocr_line' id='line_1_36' title="bbox 242 3077 1200 3157; baseline -0.003 -21"><span class='ocrx_word' id='word_1_255' title='bbox 242 3081 321 3136; x_wconf 70' lang='lat' dir='ltr'><strong>‘rum</strong></span> <span class='ocrx_word' id='word_1_256' title='bbox 337 3077 411 3139; x_wconf 81' lang='lat' dir='ltr'><strong>lenia</strong></span> <span class='ocrx_word' id='word_1_257' title='bbox 428 3081 515 3150; x_wconf 88' lang='lat' dir='ltr'><strong>tertia</strong></span> <span class='ocrx_word' id='word_1_258' title='bbox 529 3086 561 3152; x_wconf 83' lang='lat' dir='ltr'><strong>et</strong></span> <span class='ocrx_word' id='word_1_259' title='bbox 574 3084 686 3157; x_wconf 84' lang='lat' dir='ltr'><strong>quarta</strong></span> <span class='ocrx_word' id='word_1_260' title='bbox 706 3079 786 3152; x_wconf 84' lang='lat' dir='ltr'><strong>illins</strong></span> <span class='ocrx_word' id='word_1_261' title='bbox 802 3077 1021 3156; x_wconf 74' lang='lat' dir='ltr'><strong>hebdomadae,</strong></span> <span class='ocrx_word' id='word_1_262' title='bbox 1034 3078 1072 3138; x_wconf 83' lang='lat' dir='ltr'><strong>&#39;iu</strong></span> <span class='ocrx_word' id='word_1_263' title='bbox 1087 3093 1147 3154; x_wconf 87' lang='lat' dir='ltr'><strong>qua</strong></span> <span class='ocrx_word' id='word_1_264' title='bbox 1160 3091 1200 3134; x_wconf 87' lang='lat' dir='ltr'><strong>ce·</strong></span> 
     </span>
     <span class='ocr_line' id='line_1_37' title="bbox 254 3153 1200 3234; baseline -0.008 -15"><span class='ocrx_word' id='word_1_265' title='bbox 254 3159 389 3220; x_wconf 89' lang='lat' dir='ltr'><strong>lebratur</strong></span> <span class='ocrx_word' id='word_1_266' title='bbox 410 3159 533 3222; x_wconf 85' lang='lat' dir='ltr'><strong>Festum</strong></span> <span class='ocrx_word' id='word_1_267' title='bbox 557 3161 588 3222; x_wconf 91' lang='lat' dir='ltr'><strong>S.</strong></span> <span class='ocrx_word' id='word_1_268' title='bbox 605 3160 717 3230; x_wconf 81' lang='lat' dir='ltr'><strong>Lucae3</strong></span> <span class='ocrx_word' id='word_1_269' title='bbox 740 3165 771 3220; x_wconf 89' lang='lat' dir='ltr'><strong>ot</strong></span> <span class='ocrx_word' id='word_1_270' title='bbox 792 3161 868 3220; x_wconf 85' lang='lat' dir='ltr'><strong>teria</strong></span> <span class='ocrx_word' id='word_1_271' title='bbox 890 3161 977 3220; x_wconf 87' lang='lat' dir='ltr'><strong>tertia</strong></span> <span class='ocrx_word' id='word_1_272' title='bbox 998 3163 1030 3218; x_wconf 93' lang='lat' dir='ltr'><strong>et</strong></span> <span class='ocrx_word' id='word_1_273' title='bbox 1051 3164 1157 3234; x_wconf 84' lang='lat' dir='ltr'><strong>quarta</strong></span> <span class='ocrx_word' id='word_1_274' title='bbox 1175 3153 1200 3212; x_wconf 92' lang='lat' dir='ltr'><strong>il·</strong></span> 
     </span>
    </p>

    <p class='ocr_par' dir='ltr' id='par_1_10' title="bbox 254 3237 1199 3572">
     <span class='ocr_line' id='line_1_38' title="bbox 254 3237 1197 3322; baseline -0.005 -22"><span class='ocrx_word' id='word_1_275' title='bbox 254 3241 310 3301; x_wconf 89' lang='lat' dir='ltr'><strong>lius</strong></span> <span class='ocrx_word' id='word_1_276' title='bbox 332 3241 538 3321; x_wconf 80' lang='lat' dir='ltr'><strong>hebdomadae</strong></span> <span class='ocrx_word' id='word_1_277' title='bbox 559 3247 625 3322; x_wconf 89' lang='lat' dir='ltr'><strong>post</strong></span> <span class='ocrx_word' id='word_1_278' title='bbox 647 3242 786 3314; x_wconf 88' lang='lat' dir='ltr'><strong>Pascha,</strong></span> <span class='ocrx_word' id='word_1_279' title='bbox 813 3243 842 3300; x_wconf 94' lang='lat' dir='ltr'><strong>in</strong></span> <span class='ocrx_word' id='word_1_280' title='bbox 863 3260 923 3319; x_wconf 87' lang='lat' dir='ltr'><strong>qua</strong></span> <span class='ocrx_word' id='word_1_281' title='bbox 946 3244 1086 3320; x_wconf 86' lang='lat' dir='ltr'><strong>cantatur</strong></span> <span class='ocrx_word' id='word_1_282' title='bbox 1109 3237 1197 3306; x_wconf 83' lang='lat' dir='ltr'><strong>Eran-</strong></span> 
     </span>
     <span class='ocr_line' id='line_1_39' title="bbox 254 3313 1197 3404; baseline -0.007 -22"><span class='ocrx_word' id='word_1_283' title='bbox 254 3323 389 3398; x_wconf 80' lang='lat' dir='ltr'><strong>getium,</strong></span> <span class='ocrx_word' id='word_1_284' title='bbox 413 3323 477 3404; x_wconf 78' lang='lat' dir='ltr'><strong>Epo</strong></span> <span class='ocrx_word' id='word_1_285' title='bbox 498 3344 564 3387; x_wconf 82' lang='lat' dir='ltr'><strong>som</strong></span> <span class='ocrx_word' id='word_1_286' title='bbox 589 3321 696 3384; x_wconf 83' lang='lat' dir='ltr'><strong>Pastor</strong></span> <span class='ocrx_word' id='word_1_287' title='bbox 717 3325 819 3402; x_wconf 81' lang='lat' dir='ltr'><strong>bonos.</strong></span> <span class='ocrx_word' id='word_1_288' title='bbox 843 3319 959 3385; x_wconf 88' lang='lat' dir='ltr'><strong>Verum</strong></span> <span class='ocrx_word' id='word_1_289' title='bbox 987 3339 1057 3382; x_wconf 88' lang='lat' dir='ltr'><strong>cum</strong></span> <span class='ocrx_word' id='word_1_290' title='bbox 1087 3321 1115 3380; x_wconf 92' lang='lat' dir='ltr'><strong>in</strong></span> <span class='ocrx_word' id='word_1_291' title='bbox 1137 3313 1197 3382; x_wconf 91' lang='lat' dir='ltr'><strong>Vll.</strong></span> 
     </span>
     <span class='ocr_line' id='line_1_40' title="bbox 255 3399 1199 3482; baseline -0.006 -19"><span class='ocrx_word' id='word_1_292' title='bbox 255 3403 375 3482; x_wconf 78' lang='lat' dir='ltr'><strong>Synodo</strong></span> <span class='ocrx_word' id='word_1_293' title='bbox 396 3412 541 3471; x_wconf 87' lang='lat' dir='ltr'><strong>statutum</strong></span> <span class='ocrx_word' id='word_1_294' title='bbox 564 3404 668 3475; x_wconf 87' lang='lat' dir='ltr'><strong>luerit,</strong></span> <span class='ocrx_word' id='word_1_295' title='bbox 685 3411 719 3466; x_wconf 92' lang='lat' dir='ltr'><strong>ut</strong></span> <span class='ocrx_word' id='word_1_296' title='bbox 739 3404 832 3478; x_wconf 83' lang='lat' dir='ltr'><strong>semel</strong></span> <span class='ocrx_word' id='word_1_297' title='bbox 855 3406 976 3466; x_wconf 91' lang='lat' dir='ltr'><strong>inanno</strong></span> <span class='ocrx_word' id='word_1_298' title='bbox 991 3399 1123 3466; x_wconf 82' lang='lat' dir='ltr'><strong>Consilia</strong></span> <span class='ocrx_word' id='word_1_299' title='bbox 1136 3399 1199 3460; x_wconf 89' lang='lat' dir='ltr'><strong>Pro-</strong></span> 
     </span>
     <span class='ocr_line' id='line_1_41' title="bbox 255 3481 1198 3572; baseline -0.002 -29"><span class='ocrx_word' id='word_1_300' title='bbox 255 3485 392 3546; x_wconf 86' lang='lat' dir='ltr'><strong>vincialia</strong></span> <span class='ocrx_word' id='word_1_301' title='bbox 414 3487 537 3553; x_wconf 79' lang='lat' dir='ltr'><strong>tierent.</strong></span> <span class='ocrx_word' id='word_1_302' title='bbox 554 3481 809 3566; x_wconf 74' lang='lat' dir='ltr'><strong>quembdmodum</strong></span> <span class='ocrx_word' id='word_1_303' title='bbox 829 3483 1062 3562; x_wconf 83' lang='lat' dir='ltr'><strong>habeturapud</strong></span> <span class='ocrx_word' id='word_1_304' title='bbox 1091 3482 1198 3572; x_wconf 60' lang='lat' dir='ltr'><strong>Gratia·</strong></span> 
     </span>
    </p>

    <p class='ocr_par' dir='ltr' id='par_1_11' title="bbox 134 3560 1198 3640">
     <span class='ocr_line' id='line_1_42' title="bbox 134 3560 1198 3640; baseline -0.004 -15"><span class='ocrx_word' id='word_1_305' title='bbox 134 3576 140 3586; x_wconf 87' lang='lat'><em>&#39;</em></span> <span class='ocrx_word' id='word_1_306' title='bbox 254 3583 327 3628; x_wconf 90' lang='lat' dir='ltr'><strong>num</strong></span> <span class='ocrx_word' id='word_1_307' title='bbox 347 3569 467 3633; x_wconf 76' lang='lat' dir='ltr'><strong>Conone</strong></span> <span class='ocrx_word' id='word_1_308' title='bbox 479 3572 503 3630; x_wconf 79' lang='lat'><strong>7</strong></span> <span class='ocrx_word' id='word_1_309' title='bbox 517 3569 657 3632; x_wconf 69' lang='lat' dir='ltr'><strong>distinct.</strong></span> <span class='ocrx_word' id='word_1_310' title='bbox 667 3567 719 3640; x_wconf 87' lang='lat'><strong>18,</strong></span> <span class='ocrx_word' id='word_1_311' title='bbox 733 3569 803 3632; x_wconf 90' lang='lat' dir='ltr'><strong>huic</strong></span> <span class='ocrx_word' id='word_1_312' title='bbox 817 3569 961 3632; x_wconf 86' lang='lat' dir='ltr'><strong>sanctioni</strong></span> <span class='ocrx_word' id='word_1_313' title='bbox 977 3566 1144 3628; x_wconf 83' lang='lat' dir='ltr'><strong>adhaerens</strong></span> <span class='ocrx_word' id='word_1_314' title='bbox 1157 3560 1198 3623; x_wconf 89' lang='lat' dir='ltr'><strong>ln·</strong></span> 
     </span>
    </p>
   </div>
   <div class='ocr_carea' id='block_1_4' title="bbox 0 0 1288 4042">
    <p class='ocr_par' dir='ltr' id='par_1_12' title="bbox 0 0 1288 4042">
     <span class='ocr_line' id='line_1_43' title="bbox 0 0 1288 4042; baseline 0 0"><span class='ocrx_word' id='word_1_315' title='bbox 0 0 1288 4042; x_wconf 95' lang='lat' dir='ltr'><strong> </strong></span> 
     </span>
    </p>
   </div>
  </div>
 </body>
</html>
