2567 4042
557 182 782 255 semidii&

195 322 257 377 tur.
275 312 411 375 Elioctus
432 311 618 391 pollutionis,
633 317 667 373 et
688 312 857 374 violationis
872 313 900 373 is.
910 316 966 377 est,
985 316 1027 379 ut,
1043 328 1079 371 ea
1094 311 1154 371 du·

197 401 294 464 rante,
313 400 463 472 nequeant
484 394 584 455 divina
605 394 647 453 ibi
664 396 768 473 peragi
782 394 889 461 ollicia,
905 408 961 453 neo
975 392 1085 455 Missae
1100 392 1148 453 Sa

196 474 344 539 orificium
367 477 530 545 celebrari,
553 494 652 554 neque
675 475 731 536 alia
755 476 918 537 ministrari
942 473 1150 543 Sacramenta,

194 576 291 635 neque
313 559 342 620 in
365 577 402 620 ea
424 556 557 619 fidelium
579 558 729 619 cadavera
749 555 923 635 sepulturae
938 556 1097 624 committi,
1113 559 1147 617 ut

193 639 286 702 habet
301 647 401 703 textus
416 657 578 719 expressus
592 640 620 697 iu
631 637 704 717 Cap.
723 637 802 718 lpui
814 638 849 699 dc
864 647 986 699 sentent.
1001 656 1150 699 reconem.

192 721 227 780 in
241 720 279 783 P.
299 722 374 800 Cup.
399 721 444 781 De
468 722 698 785 consecratione
720 718 878 781 Ecclesiae.
896 719 994 780 Debet
1015 718 1151 781 Ecclesia.

192 802 305 880 polluta
326 804 366 863 ab
388 805 453 880 ipso
481 802 606 879 soloque
628 802 790 879 Episcopo,
807 803 902 862 veluti
925 800 1075 862 ordinario
1091 799 1149 859 Mi·

190 886 296 952 uistro,
319 884 537 955 reconciliari,
561 885 586 944 si
609 890 783 944 consecrata
807 883 858 943 illa
879 884 1011 954 existat,
1036 882 1085 942 vel
1107 882 1151 941 abv

189 965 248 1026 alio
270 964 422 1044 Episcopo
440 966 594 1043 ,praevia
617 971 717 1025 tamen
740 965 908 1027 dioecesani
931 964 1051 1025 licentia
1072 960 1145 1041 Cap.

189 1047 234 1107 Dc
252 1046 483 1121 consecratione
499 1044 660 1107 Ecclesiae.
679 1045 745 1105 Nou
761 1052 862 1123 potest
875 1046 1042 1124 Episcopus
1057 1043 1152 1122 Prae*

189 1128 250 1188 lato
271 1127 415 1198 interiori,
440 1129 488 1187 vel
512 1129 642 1205 simplici
665 1126 830 1197 Sacerdoti,
854 1135 907 1189 aut
927 1144 981 1189 suo
1004 1124 1145 1189 Generali

189 1209 311 1271 Vicario
341 1210 418 1270 hauc
442 1209 585 1287 delegare
607 1209 809 1279 facultatem,
834 1210 1049 1276 nonobstante
1072 1226 1150 1284 qua·

187 1308 319 1368 cumque
342 1294 373 1351 in
395 1293 583 1352 contrarium
607 1292 838 1361 cousuetudine,
855 1296 890 1351 ut
918 1291 1052 1352 declarat
1072 1286 1148 1368 Cap.

187 1373 233 1433 Do
252 1372 484 1436 consecratione
500 1371 654 1433 Ecclesiae
676 1390 711 1432 ac
734 1391 806 1451 prae
828 1374 956 1434 caeteris
971 1372 1155 1433 Benedictus

187 1455 261 1515 XIV
284 1456 313 1514 in
328 1474 383 1516 sua
405 1452 540 1531 Epistola
562 1456 662 1532 prima
684 1456 721 1515 ad
744 1452 778 1513 P.
797 1452 1032 1531 Engollrertum,
1057 1453 1150 1531 incip,

185 1555 226 1597 ex
240 1537 437 1615 taisprccibos
452 1534 515 1599 §11
530 1537 560 1595 iu
576 1537 742 1613 appendice
758 1537 795 1595 ad
812 1541 930 1596 tomum
944 1541 1084 1612 quartum
1100 1534 1151 1594 sui

189 1617 549 1694 Bullarii.E1cipiendus
572 1623 674 1678 tamen
696 1622 742 1679 est
764 1616 915 1678 Summos.
929 1616 1075 1683 Pontifex,
1094 1616 1147 1693 qui

187 1702 366 1775 cuicumque
381 1700 529 1769 uoluerit,
542 1698 635 1758 etiarn
652 1699 779 1776 simplici
793 1699 848 1759 Sec
926 1701 961 1769 ti,
975 1699 1031 1759 hoo
1046 1702 1145 1774 potest

185 1781 393 1843 ministerium.
409 1780 617 1850 committerer
644 1780 848 1857 quemadmod
925 1781 1025 1859 legere
1047 1783 1095 1839 est
1116 1780 1146 1839 in
1229 1842 1240 1857 ‚

187 1864 337 1932 Decretali
357 1862 500 1940 Gregorii
522 1860 571 1921 lx
603 1863 764 1939 incipiente
788 1862 899 1942 Aque,
925 1862 960 1923 de
986 1861 1150 1924 Consurre-

188 1949 266 2007 tione
288 1943 449 2005 Ecclesiae.
474 1943 704 2005 advertendum
729 1948 830 2005 tamen
853 1950 915 2009 est,
940 1943 1018 2020 quod
1040 1940 1149 2021 'Sacer-

187 2027 241 2087 dos
262 2026 304 2087 sic
326 2026 481 2103 delegatus
498 2070 507 2096 ‚
526 2025 623 2086 'debet
646 2027 689 2087 uti
711 2044 790 2101 aqua
818 2026 857 2086 ab
880 2022 1027 2103 Episcopo
1058 2024 1151 2088 bene·

187 2109 280 2179 dicta,
304 2110 348 2170 uti
370 2109 511 2168 observat
532 2107 713 2168 Benedictus
735 2106 812 2168 XlV
837 2108 865 2167 in
888 2109 978 2168 citata
999 2102 1147 2182 Epistola,

188 2193 276 2268 Aqua
297 2190 335 2251 ad
357 2190 439 2249 hunc
462 2206 550 2251 usum
573 2188 720 2250 destinata
755 2190 806 2250 illa
828 2189 967 2260 dicitur,
992 2205 1068 2263 quae
1090 2185 1150 2246 luit

126 2317 128 2323 .
187 2273 226 2332 ah
248 2270 397 2349 Episcopo
419 2269 574 2330 benedicta
606 2288 677 2329 cum
699 2270 770 2331 vino
805 2276 835 2331 et
858 2272 969 2330 cinere.
993 2267 1058 2329 Tali
1087 2270 1152 2347 pri·

186 2355 320 2430 vilereio,
344 2357 379 2411 nt
400 2358 502 2413 cetera
525 2352 718 2421 omittamus,
743 2352 888 2413 lruuntur
910 2351 1051 2412 Canonici
1065 2350 1152 2411 ilasi·-

188 2435 263 2495 licae
287 2434 476 2498 Vaticanaa,
500 2432 556 2492 etsi
577 2430 749 2510 Episcopali
772 2434 877 2496 ordine
908 2450 965 2493 uon
989 2432 1145 2515 insigniti,

188 2516 329 2577 videlicet
349 2514 447 2587 Prior,
466 2513 622 2580 rlltarista,
647 2521 678 2573 et
700 2512 851 2586 Decanus,
876 2532 913 2576 ex
931 2513 1153 2575 Constitutione

191 2584 356 2658 lnriocentii
378 2595 432 2663 Vl,
451 2601 484 2656 ut
506 2594 637 2654 nabetur
661 2596 691 2655 in
713 2596 846 2656 Bullario
867 2597 1014 2657 Vaticano
1028 2592 1147 2657 Toml

190 2698 259 2757 pag.
284 2677 355 2739 361,
371 2677 490 2738 Verum
512 2677 536 2735 si
552 2672 689 2736 Ecclesia
706 2677 820 2753 polluta
844 2677 1053 2738 tantummodo
1068 2682 1147 2738 essct

190 2760 357 2826 lenedicta,
375 2756 563 2820 reconciliari
586 2763 686 2834 potest
708 2776 762 2834 per
784 2776 1010 2835 quemcumque
1033 2757 1149 2835 simpli·

189 2850 256 2905 c'cm
277 2840 485 2907 Sacerdotem,
502 2844 533 2900 et
554 2838 679 2915 quidem
702 2856 757 2916 per
779 2841 875 2910 solam
898 2858 995 2915 aquae
1018 2836 1147 2903 lustralis

191 2925 408 3002 aspersionem,
425 2940 462 2983 ex
485 2921 677 2998 dispositione
691 2921 823 2997 ¹insignis
837 2919 989 2999 Epistolae
1006 2920 1153 2983 Decreta--

191 3006 228 3068 lis
248 3004 387 3083 Gregorii
408 3003 456 3065 lx
477 3005 506 3063 iu
529 3001 603 3078 Cap.
621 3000 653 3061 X
677 3003 721 3063 De
742 3002 969 3064 Consecrotr'ono
985 3000 1145 3065 Ecclesiae.

237 3088 294 3151 lll.
317 3087 472 3149 Ecclesiae
494 3090 525 3145 et
546 3082 726 3145 Coemeterii
756 3084 936 3145 violatorum
971 3082 1150 3163 reconcilia·

193 3170 305 3231 tionem
324 3171 407 3230 omni
421 3168 473 3229 die.
491 3164 558 3228 lieri
575 3182 673 3241 posse,
692 3165 801 3225 docent
816 3165 938 3243 quidem
954 3184 1059 3231 omues
1072 3164 1149 3227 Scri·

191 3257 320 3329 ptores,
345 3259 377 3313 et
401 3249 478 3311 varii
503 3242 819 3317 crinemcrinem,
848 3248 925 3308 iuter
948 3266 1024 3324 ornos
1046 3248 1148 3309 Codex

193 3334 417 3411 manuscriptus
433 3326 614 3391 Portunalis
638 3326 782 3389 Gulielmi
799 3325 943 3389 llurandi.
961 3329 1055 3390 Porro
1077 3331 1153 3389 arato

193 3413 468 3476 reconciliationem
492 3412 622 3473 nudatur
640 3408 750 3471 ditare
772 3411 802 3469 in
825 3410 945 3487 signnm
966 3412 1077 3479 luctus,
1098 3426 1148 3469 re·

193 3496 324 3572 quiritur
346 3495 456 3572 quippe
479 3489 643 3559 interalia,
661 3488 736 3569 cinis
756 3497 789 3553 et
806 3493 1006 3569 aspersorium
1028 3490 1150 3553 daher·

192 3577 387 3658 uatyeopi,
408 3575 504 3653 quia,
527 3591 598 3637 cum
620 3590 676 3651 per
698 3570 775 3637 liano
797 3572 950 3637 Ecclesiae
973 3572 1151 3635 reconcilia-
