2567 4042
507 203 733 277 *limites

149 334 179 392 in
193 331 433 394 reconciliatione
453 331 627 411 hujusmodi
642 333 799 401 hominum
815 335 994 396 exorcismus
1010 335 1095 396 adhi-

150 417 249 484 betur,
273 431 331 490 quo
353 414 480 479 daemon
502 415 540 474 ab
554 415 626 494 ipsis
646 415 779 493 fugetur,
797 413 919 494 ejusque
940 417 1014 476 ritus
1037 432 1094 477 non

148 497 238 558 medo
258 493 412 557 Ecclesiae
440 497 627 574 Scriptores,
657 498 799 575 Librique
825 499 939 574 antiqui
960 497 1094 559 Ritualas

148 579 323 648 meminere,
341 577 392 638 sed
414 585 446 638 et
466 596 570 639 sacrae
584 579 696 658 Synodi
709 579 771 658 jam
787 580 858 639 olim
873 579 1003 650 habitae,
1016 581 1093 641 inter
1205 645 1212 654 ,

149 677 223 738 quas
243 659 340 721 rideri
360 659 459 738 potest
484 661 582 739 prima
601 661 923 739 Constantinopolitana
949 679 1024 738 quae
1047 667 1093 724 est

148 742 278 804 secunda
300 741 514 815 Oecumenica‚
530 740 603 802 Cau.
620 742 689 804 Vll.
707 742 846 804 Ceterum
871 761 939 804 cum
961 745 1024 822 ipsa
1046 761 1095 806 rc·

147 824 315 885 conciliatio
337 824 560 886 haereticorum
583 826 621 886 sit
634 825 728 886 veluti
742 843 836 885 noviss
847 825 1094 905 Baptismus‚non

113 964 125 987 q
147 907 258 967 mirum
281 908 306 966 si
321 907 398 967 ritus
409 907 439 965 in
454 907 511 966 boc
525 908 639 976 usitati,
656 907 749 968 etiam
770 907 800 967 in
815 907 865 968 illa
880 907 1091 970 adhibeantur.

145 984 186 1048 Et
207 1005 240 1047 re
253 1004 326 1048 vera
340 988 459 1065 signum
479 986 582 1049 Crucis
603 989 659 1048 sub
674 987 819 1049 formula:
842 987 951 1070 Accipe
975 991 1093 1070 sipnum

142 1068 254 1132 'Crucis
278 1068 399 1138 Christi,
422 1080 510 1149 atque
533 1068 789 1140 Christianitatis,
814 1071 891 1150 quod
903 1073 992 1152 prius
1014 1089 1093 1131 acce-
1123 1083 1124 1088 ’

141 1160 231 1230 ptum
245 1168 306 1212 non
321 1150 516 1218 custodivisti,
527 1149 578 1211 sed
591 1155 669 1214 mate
684 1149 817 1230 deceptus
831 1154 993 1232 abneposti
1009 1170 1092 1231 prae·

145 1234 248 1296 scribit
257 1233 484 1316 manuscriptus
497 1234 592 1294 codex
605 1231 753 1296 Gulielmi
763 1235 909 1294 Ducendi.
923 1233 998 1296 Sunt
1011 1237 1092 1296 cuim

145 1313 240 1392 huius
261 1313 387 1381 furfuris
407 1315 572 1386 homines,
601 1321 636 1376 ut
656 1331 708 1376 eos
729 1315 859 1394 appellat
880 1315 1040 1394 Apostolus
1061 1318 1092 1376 in

144 1393 279 1471 Epistola
292 1397 337 1459 ad
357 1397 573 1475 Philippenses,
590 1393 664 1475 Cap.
680 1393 735 1468 lll,
755 1397 867 1458 inimici
886 1397 991 1458 Crucis
1006 1396 1092 1459 Chri·

90 1515 93 1520 -
144 1476 194 1537 sti.
205 1477 325 1552 Quanta
346 1483 449 1541 aulem
472 1482 511 1540 sit
532 1479 607 1558 signi
622 1477 728 1540 Crucis
741 1480 847 1552 virtus,
865 1481 962 1540 testati
977 1498 1034 1540 non
1048 1496 1093 1541 se·

143 1556 204 1619 mel
224 1566 295 1622 sunt
315 1562 371 1638 ipsi
393 1560 578 1629 daembnes,
598 1577 673 1637 qenes
695 1577 731 1620 co
753 1563 836 1637 signo
859 1562 975 1639 fugatos
997 1563 1090 1644 sancti
1168 1575 1173 1586 ·

144 1637 297 1702 Ecclesiae
318 1639 423 1704 Patres
443 1647 682 1703 commemorant
701 1638 756 1723 [ll.
778 1643 870 1704 Porro
898 1644 1092 1719 quemadmo-

145 1722 218 1782 dum
239 1725 357 1803 sanginis
378 1725 564 1804 in‘postibus
585 1724 706 1786 aedium
728 1724 937 1788 Hebraeorum
960 1726 1092 1788 distinxit

143 1801 299 1867 Hebraeos
320 1807 358 1866 ab
379 1806 537 1886 Aegyptiis
567 1810 600 1867 et
619 1809 764 1868 servavit
781 1807 819 1866 ab
841 1807 957 1885 Angelo
984 1825 1092 1886 percu·
1169 1809 1171 1814 ’

137 1886 246 1958 Δἱίθιιῐθ,
269 1889 315 1950 uti
334 1888 464 1950 habetur
477 1887 574 1949 Exodi
588 1884 662 1966 Cap.
675 1887 753 1961 Xll,
767 1889 809 1949 sic
824 1907 878 1949 nos
892 1907 947 1966 per
961 1889 1090 1952 Crucem

143 1968 409 2048 ‹st-distinguimur
428 1971 467 2030 ab
487 1970 610 2039 alienis,
634 1975 666 2031 et
686 1971 840 2032 munimur
860 1975 964 2031 contra
985 1989 1089 2048 percu·

143 2049 266 2111 tientem
279 2052 442 2130 Angelum.
455 2049 534 2112 Hinc
547 2053 638 2114 etiam
654 2050 893 2114 Christianorum
923 2054 1089 2132 sepulchris

143 2147 177 2190 ac
198 2135 386 2271 onlnemetcriis
402 2131 515 2194 Cruces
535 2133 738 2213 apponimus,
761 2138 796 2194 ut
817 2151 853 2196 ca
873 2133 1089 2213 distinguamus

143 2213 180 2273 ab
200 2215 317 2278 aienis.
420 2219 422 2225 ’
498 2236 513 2273 ·,

185 2293 239 2355 lV.
252 2293 396 2357 Formula
411 2296 617 2358 introducendi
632 2297 886 2358 reconciliandum
903 2297 1088 2362 haereticum

143 2376 173 2434 in
200 2373 367 2439 Ecclesiam
399 2396 469 2440 curn
497 2379 680 2440 orationibus
706 2376 893 2459 Omnipotens
917 2381 1089 2460 sempiterne

141 2455 232 2530 Deus,
245 2465 277 2522 et
291 2459 373 2521 Deus
392 2461 446 2540 qui
464 2460 614 2521 bominem
635 2460 676 2521 ad
691 2463 854 2541 inopiosas
869 2470 933 2533 etc,
946 2469 994 2523 est
1013 2465 1089 2544 anti

142 2539 296 2616 quissima.
314 2541 390 2603 Sunt
410 2543 486 2607 istae
506 2544 657 2603 orationes
673 2542 806 2620 proiecto
820 2542 970 2620 antiquam
986 2551 1088 2607 extant

110 2671 112 2677 .
130 2621 222 2681 enim
238 2624 267 2684 in
284 2626 359 2685 bene
380 2622 480 2685 multis
494 2624 593 2684 Libris
605 2621 839 2693 Pontificalibus,
857 2641 975 2705 semper
988 2632 1087 2690 tamen

141 2719 213 2763 cum
227 2705 328 2783 aliqua
347 2707 512 2767 verborum
533 2706 977 2783 mutatione.-lnterrogationes
992 2709 1021 2767 in
1035 2727 1088 2790 no·

141 2790 203 2844 stro
218 2785 385 2848 Pontificali
407 2785 585 2863 descriptae,
608 2792 712 2848 extant
725 2789 762 2847 -in
778 2787 923 2850 Vaticano
946 2789 1086 2852 Gulielmi

140 2865 275 2929 meandi
288 2867 451 2931 Pontificali
467 2872 498 2929 et
511 2868 541 2926 in
552 2868 640 2928 editis
653 2875 722 2930 ante
735 2868 920 2931 Clementem
928 2867 1088 2940 lllIIPou-

141 2945 311 3011 tificalibus'.
327 2951 407 3012 Nihil
429 2949 509 3013 euim
531 2948 716 3026 frequentius
737 2952 851 3029 antiqui
873 2955 967 3014 sancti
981 2951 1087 3014 Patres

141 3038 336 3103 memorant,
359 3051 450 3110 quam
470 3032 570 3093 uarios
591 3032 676 3092 delos
698 3037 728 3092 ct
749 3032 953 3096 simulationes
979 3035 1086 3095 haere·
1136 3036 1139 3042 '

140 3113 296 3188 ticomm3
324 3125 453 3193 eamque
473 3113 511 3174 ob
532 3130 653 3194 causam
676 3113 892 3194 sapientissime
915 3116 1005 3178 iidem
1027 3120 1086 3176 sta-

140 3200 280 3266 tuerunt,
303 3215 362 3257 non
384 3189 499 3258 temer'c
520 3194 601 3273 ipsos
621 3194 659 3256 ad
680 3192 848 3258 Ecclesiam
869 3196 1083 3270 admittendos,

141 3277 194 3338 sed
215 3276 293 3338 iacta
314 3279 397 3355 prius
418 3290 556 3339 errorum
579 3275 790 3355 abiuratione‚
813 3284 844 3344 et
864 3277 947 3340 Fidei
969 3278 1086 3340 coales-

139 3359 232 3420 sione.
249 3358 338 3433 Quod
359 3361 450 3422 ritum
472 3364 587 3438 spectat
606 3360 801 3436 impositionis
820 3375 964 3422 manuum
985 3362 1016 3423 in
1036 3377 1085 3423 re·

172 3543 209 3606 (il
226 3542 292 3597 llide
309 3558 377 3612 opus
393 3525 513 3597 nostmrrl
531 3543 573 3596 cni
586 3543 687 3597 titulus:
700 3545 903 3611 Antiquitatum
917 3545 1085 3600 Christiana·
1147 3559 1151 3566 '

122 3625 203 3661 num
219 3613 408 3677 institutiones,
421 3613 549 3667 Velamen
567 3613 719 3672 secondum.
743 3615 820 3668 Liber
837 3628 932 3678 nonus,
945 3620 1036 3686 Caput.
1049 3622 1081 3670 v.
