<?xml version="1.0" encoding="UTF-8"?>
<!DOCTYPE html PUBLIC "-//W3C//DTD XHTML 1.0 Transitional//EN"
    "http://www.w3.org/TR/xhtml1/DTD/xhtml1-transitional.dtd">
<html xmlns="http://www.w3.org/1999/xhtml" xml:lang="en" lang="en">
 <head>
  <title>
</title>
<meta http-equiv="Content-Type" content="text/html;charset=utf-8" />
  <meta name='ocr-system' content='tesseract 3.04.00' />
  <meta name='ocr-capabilities' content='ocr_page ocr_carea ocr_par ocr_line ocrx_word'/>
</head>
<body>
  <div class='ocr_page' id='page_1' title='image "./institutionesli01marigoog_0437.png"; bbox 0 0 2567 4042; ppageno 0'>
   <div class='ocr_carea' id='block_1_1' title="bbox 95 356 1052 599">
    <p class='ocr_par' dir='ltr' id='par_1_1' title="bbox 95 356 1052 599">
     <span class='ocr_line' id='line_1_1' title="bbox 95 356 1052 435; baseline 0.002 -20"><span class='ocrx_word' id='word_1_1' title='bbox 95 357 315 435; x_wconf 66' lang='lat' dir='ltr'>protendimus,</span> <span class='ocrx_word' id='word_1_2' title='bbox 328 356 562 417; x_wconf 87' lang='lat' dir='ltr'><strong>Praeveniamus</strong></span> <span class='ocrx_word' id='word_1_3' title='bbox 584 374 655 433; x_wconf 85' lang='lat' dir='ltr'><strong>ergo</strong></span> <span class='ocrx_word' id='word_1_4' title='bbox 677 362 707 416; x_wconf 92' lang='lat' dir='ltr'><strong>et</strong></span> <span class='ocrx_word' id='word_1_5' title='bbox 723 374 942 433; x_wconf 75' lang='lat' dir='ltr'><strong>prorogemus,</strong></span> <span class='ocrx_word' id='word_1_6' title='bbox 956 360 991 416; x_wconf 91' lang='lat' dir='ltr'><strong>ut</strong></span> <span class='ocrx_word' id='word_1_7' title='bbox 1004 374 1052 417; x_wconf 91' lang='lat' dir='ltr'><strong>ar-</strong></span> 
     </span>
     <span class='ocr_line' id='line_1_2' title="bbox 97 438 1052 515; baseline 0 -16"><span class='ocrx_word' id='word_1_8' title='bbox 97 438 231 503; x_wconf 90' lang='lat' dir='ltr'><strong>dentius.</strong></span> <span class='ocrx_word' id='word_1_9' title='bbox 249 457 325 515; x_wconf 87' lang='lat' dir='ltr'><strong>quos</strong></span> <span class='ocrx_word' id='word_1_10' title='bbox 340 440 493 505; x_wconf 93' lang='lat' dir='ltr'><strong>debemus,</strong></span> <span class='ocrx_word' id='word_1_11' title='bbox 511 438 691 509; x_wconf 85' lang='lat' dir='ltr'><strong>recolamus;</strong></span> <span class='ocrx_word' id='word_1_12' title='bbox 715 441 755 499; x_wconf 88' lang='lat' dir='ltr'><strong>ita</strong></span> <span class='ocrx_word' id='word_1_13' title='bbox 777 441 909 515; x_wconf 83' lang='lat' dir='ltr'><strong>quidem,</strong></span> <span class='ocrx_word' id='word_1_14' title='bbox 927 446 960 499; x_wconf 91' lang='lat' dir='ltr'><strong>ut</strong></span> <span class='ocrx_word' id='word_1_15' title='bbox 974 454 1052 515; x_wconf 89' lang='lat' dir='ltr'><strong>quae</strong></span> 
     </span>
     <span class='ocr_line' id='line_1_3' title="bbox 96 520 1052 599; baseline -0.001 -17"><span class='ocrx_word' id='word_1_16' title='bbox 96 540 158 582; x_wconf 91' lang='lat' dir='ltr'><strong>uno</strong></span> <span class='ocrx_word' id='word_1_17' title='bbox 179 522 228 583; x_wconf 93' lang='lat' dir='ltr'><strong>die</strong></span> <span class='ocrx_word' id='word_1_18' title='bbox 250 522 348 582; x_wconf 89' lang='lat' dir='ltr'><strong>minus</strong></span> <span class='ocrx_word' id='word_1_19' title='bbox 369 520 486 582; x_wconf 86' lang='lat' dir='ltr'><strong>efficere</strong></span> <span class='ocrx_word' id='word_1_20' title='bbox 508 538 689 596; x_wconf 88' lang='lat' dir='ltr'><strong>possumus,</strong></span> <span class='ocrx_word' id='word_1_21' title='bbox 712 526 766 581; x_wconf 88' lang='lat' dir='ltr'><strong>aut</strong></span> <span class='ocrx_word' id='word_1_22' title='bbox 788 523 906 582; x_wconf 85' lang='lat' dir='ltr'><strong>incaute</strong></span> <span class='ocrx_word' id='word_1_23' title='bbox 930 522 1052 599; x_wconf 84' lang='lat' dir='ltr'><strong>negligi·</strong></span> 
     </span>
    </p>
   </div>
   <div class='ocr_carea' id='block_1_2' title="bbox 97 604 1052 762">
    <p class='ocr_par' dir='ltr' id='par_1_2' title="bbox 97 604 1052 762">
     <span class='ocr_line' id='line_1_4' title="bbox 97 604 716 679; baseline -0.002 -15"><span class='ocrx_word' id='word_1_24' title='bbox 97 621 179 669; x_wconf 89' lang='lat' dir='ltr'><strong>mus,</strong></span> <span class='ocrx_word' id='word_1_25' title='bbox 205 604 328 679; x_wconf 84' lang='lat' dir='ltr'><strong>reliquis</strong></span> <span class='ocrx_word' id='word_1_26' title='bbox 349 604 453 664; x_wconf 89' lang='lat' dir='ltr'><strong>diebus</strong></span> <span class='ocrx_word' id='word_1_27' title='bbox 474 619 716 677; x_wconf 80' lang='lat' dir='ltr'><strong>compensemus.</strong></span> 
     </span>
     <span class='ocr_line' id='line_1_5' title="bbox 140 682 1052 762; baseline -0.002 -18"><span class='ocrx_word' id='word_1_28' title='bbox 140 683 194 745; x_wconf 90' lang='lat' dir='ltr'><strong>lll.</strong></span> <span class='ocrx_word' id='word_1_29' title='bbox 219 685 365 745; x_wconf 81' lang='lat' dir='ltr'><strong>Salvatori</strong></span> <span class='ocrx_word' id='word_1_30' title='bbox 386 686 486 761; x_wconf 89' lang='lat' dir='ltr'><strong>itaque</strong></span> <span class='ocrx_word' id='word_1_31' title='bbox 514 686 693 745; x_wconf 78' lang='lat' dir='ltr'><strong>constitutae</strong></span> <span class='ocrx_word' id='word_1_32' title='bbox 715 689 785 745; x_wconf 88' lang='lat' dir='ltr'><strong>sunt</strong></span> <span class='ocrx_word' id='word_1_33' title='bbox 805 686 938 762; x_wconf 88' lang='lat' dir='ltr'><strong>quinque</strong></span> <span class='ocrx_word' id='word_1_34' title='bbox 959 682 1052 747; x_wconf 86' lang='lat' dir='ltr'><strong>Octa·</strong></span> 
     </span>
    </p>
   </div>
   <div class='ocr_carea' id='block_1_3' title="bbox 13 763 1054 843">
    <p class='ocr_par' dir='ltr' id='par_1_3' title="bbox 13 763 1054 843">
     <span class='ocr_line' id='line_1_6' title="bbox 13 763 1054 843; baseline 0.002 -18"><span class='ocrx_word' id='word_1_35' title='bbox 13 813 14 817; x_wconf 65' lang='lat'><strong>,</strong></span> <span class='ocrx_word' id='word_1_36' title='bbox 96 783 165 837; x_wconf 81' lang='lat' dir='ltr'><strong>rae,</strong></span> <span class='ocrx_word' id='word_1_37' title='bbox 188 764 369 833; x_wconf 86' lang='lat' dir='ltr'><strong>Natiuitatis,</strong></span> <span class='ocrx_word' id='word_1_38' title='bbox 393 764 590 843; x_wconf 80' lang='lat' dir='ltr'><strong>Epiphaniae,</strong></span> <span class='ocrx_word' id='word_1_39' title='bbox 606 763 771 836; x_wconf 89' lang='lat' dir='ltr'><strong>Paschatis,</strong></span> <span class='ocrx_word' id='word_1_40' title='bbox 796 768 998 837; x_wconf 84' lang='lat' dir='ltr'><strong>Ascensionis,</strong></span> <span class='ocrx_word' id='word_1_41' title='bbox 1012 770 1054 835; x_wconf 69' lang='lat' dir='ltr'><strong>,et</strong></span> 
     </span>
    </p>
   </div>
   <div class='ocr_carea' id='block_1_4' title="bbox 13 845 1052 926">
    <p class='ocr_par' dir='ltr' id='par_1_4' title="bbox 13 845 1052 926">
     <span class='ocr_line' id='line_1_7' title="bbox 13 845 1052 926; baseline -0.001 -17"><span class='ocrx_word' id='word_1_42' title='bbox 13 897 19 920; x_wconf 70' lang='lat'><strong>,</strong></span> <span class='ocrx_word' id='word_1_43' title='bbox 98 845 241 926; x_wconf 85' lang='lat' dir='ltr'><strong>Corporis</strong></span> <span class='ocrx_word' id='word_1_44' title='bbox 262 846 390 909; x_wconf 84' lang='lat' dir='ltr'><strong>Christi:</strong></span> <span class='ocrx_word' id='word_1_45' title='bbox 414 848 537 926; x_wconf 88' lang='lat' dir='ltr'><strong>Spiritui</strong></span> <span class='ocrx_word' id='word_1_46' title='bbox 559 849 679 915; x_wconf 88' lang='lat' dir='ltr'><strong>Sancto,</strong></span> <span class='ocrx_word' id='word_1_47' title='bbox 703 847 914 909; x_wconf 86' lang='lat' dir='ltr'><strong>Pentecostes:</strong></span> <span class='ocrx_word' id='word_1_48' title='bbox 937 846 1052 909; x_wconf 81' lang='lat' dir='ltr'><strong>Beatis-</strong></span> 
     </span>
    </p>
   </div>
   <div class='ocr_carea' id='block_1_5' title="bbox 99 929 1054 1089">
    <p class='ocr_par' dir='ltr' id='par_1_5' title="bbox 99 929 1054 1089">
     <span class='ocr_line' id='line_1_8' title="bbox 99 929 1051 1009; baseline -0.002 -17"><span class='ocrx_word' id='word_1_49' title='bbox 99 931 194 992; x_wconf 83' lang='lat' dir='ltr'><strong>simae</strong></span> <span class='ocrx_word' id='word_1_50' title='bbox 219 932 332 1009; x_wconf 86' lang='lat' dir='ltr'><strong>Virgini</strong></span> <span class='ocrx_word' id='word_1_51' title='bbox 355 936 434 996; x_wconf 86' lang='lat' dir='ltr'><strong>tres,</strong></span> <span class='ocrx_word' id='word_1_52' title='bbox 458 929 643 996; x_wconf 80' lang='lat' dir='ltr'><strong>Natiuitatis,</strong></span> <span class='ocrx_word' id='word_1_53' title='bbox 668 932 905 1008; x_wconf 87' lang='lat' dir='ltr'><strong>Assumptionis,</strong></span> <span class='ocrx_word' id='word_1_54' title='bbox 929 935 959 990; x_wconf 87' lang='lat' dir='ltr'><strong>et</strong></span> <span class='ocrx_word' id='word_1_55' title='bbox 980 930 1051 991; x_wconf 90' lang='lat' dir='ltr'><strong>Con·</strong></span> 
     </span>
     <span class='ocr_line' id='line_1_9' title="bbox 99 1009 1054 1089; baseline -0.003 -15"><span class='ocrx_word' id='word_1_56' title='bbox 99 1014 244 1089; x_wconf 88' lang='lat' dir='ltr'><strong>ceptionis</strong></span> <span class='ocrx_word' id='word_1_57' title='bbox 265 1032 303 1072; x_wconf 82' lang='lat' dir='ltr'><strong>ex</strong></span> <span class='ocrx_word' id='word_1_58' title='bbox 323 1012 408 1073; x_wconf 87' lang='lat' dir='ltr'><strong>Bulla</strong></span> <span class='ocrx_word' id='word_1_59' title='bbox 432 1011 594 1072; x_wconf 87' lang='lat' dir='ltr'><strong>innocentii</strong></span> <span class='ocrx_word' id='word_1_60' title='bbox 616 1011 690 1077; x_wconf 87' lang='lat' dir='ltr'><strong>Xll:</strong></span> <span class='ocrx_word' id='word_1_61' title='bbox 715 1011 868 1073; x_wconf 89' lang='lat' dir='ltr'><strong>Nativitati</strong></span> <span class='ocrx_word' id='word_1_62' title='bbox 890 1009 921 1072; x_wconf 88' lang='lat' dir='ltr'><strong>S.</strong></span> <span class='ocrx_word' id='word_1_63' title='bbox 934 1012 1054 1073; x_wconf 87' lang='lat' dir='ltr'><strong>loannis</strong></span> 
     </span>
    </p>
   </div>
   <div class='ocr_carea' id='block_1_6' title="bbox 83 1090 1050 1173">
    <p class='ocr_par' dir='ltr' id='par_1_6' title="bbox 83 1090 1050 1173">
     <span class='ocr_line' id='line_1_10' title="bbox 83 1090 1050 1173; baseline 0.005 -25"><span class='ocrx_word' id='word_1_64' title='bbox 83 1095 273 1172; x_wconf 85' lang='lat' dir='ltr'><strong>.Baptistae;</strong></span> <span class='ocrx_word' id='word_1_65' title='bbox 295 1090 443 1173; x_wconf 77' lang='lat' dir='ltr'><strong>Martyrio</strong></span> <span class='ocrx_word' id='word_1_66' title='bbox 475 1094 526 1155; x_wconf 88' lang='lat' dir='ltr'><strong>SS.</strong></span> <span class='ocrx_word' id='word_1_67' title='bbox 550 1093 765 1171; x_wconf 78' lang='lat' dir='ltr'><strong>Apostolorum</strong></span> <span class='ocrx_word' id='word_1_68' title='bbox 788 1095 867 1155; x_wconf 87' lang='lat' dir='ltr'><strong>Petri</strong></span> <span class='ocrx_word' id='word_1_69' title='bbox 890 1101 920 1155; x_wconf 88' lang='lat' dir='ltr'><strong>et</strong></span> <span class='ocrx_word' id='word_1_70' title='bbox 940 1092 1050 1165; x_wconf 88' lang='lat' dir='ltr'><strong>Pauli,</strong></span> 
     </span>
    </p>
   </div>
   <div class='ocr_carea' id='block_1_7' title="bbox 13 1174 1055 1337">
    <p class='ocr_par' dir='ltr' id='par_1_7' title="bbox 13 1174 1055 1337">
     <span class='ocr_line' id='line_1_11' title="bbox 13 1174 1055 1252; baseline -0.001 -16"><span class='ocrx_word' id='word_1_71' title='bbox 13 1230 22 1249; x_wconf 51' lang='grc'><strong>,,</strong></span> <span class='ocrx_word' id='word_1_72' title='bbox 99 1176 189 1237; x_wconf 89' lang='lat' dir='ltr'><strong>Festo</strong></span> <span class='ocrx_word' id='word_1_73' title='bbox 210 1178 352 1239; x_wconf 87' lang='lat' dir='ltr'><strong>Omnium</strong></span> <span class='ocrx_word' id='word_1_74' title='bbox 375 1177 572 1244; x_wconf 80' lang='lat' dir='ltr'><strong>Sanctorum3</strong></span> <span class='ocrx_word' id='word_1_75' title='bbox 595 1175 626 1235; x_wconf 87' lang='lat' dir='ltr'><strong>S.</strong></span> <span class='ocrx_word' id='word_1_76' title='bbox 640 1175 804 1252; x_wconf 86' lang='lat' dir='ltr'><strong>Stephano,</strong></span> <span class='ocrx_word' id='word_1_77' title='bbox 829 1176 930 1237; x_wconf 93' lang='lat' dir='ltr'><strong>loanni</strong></span> <span class='ocrx_word' id='word_1_78' title='bbox 955 1174 1055 1235; x_wconf 90' lang='lat' dir='ltr'><strong>Evan-</strong></span> 
     </span>
     <span class='ocr_line' id='line_1_12' title="bbox 14 1257 1052 1337; baseline -0.003 -19"><span class='ocrx_word' id='word_1_79' title='bbox 14 1311 19 1318; x_wconf 84' lang='grc'><strong><em>,</em></strong></span> <span class='ocrx_word' id='word_1_80' title='bbox 101 1259 250 1337; x_wconf 68' lang='lat' dir='ltr'><strong>gelimae,</strong></span> <span class='ocrx_word' id='word_1_81' title='bbox 284 1258 493 1319; x_wconf 84' lang='lat' dir='ltr'><strong>innocentibus</strong></span> <span class='ocrx_word' id='word_1_82' title='bbox 524 1264 555 1317; x_wconf 91' lang='lat' dir='ltr'><strong>et</strong></span> <span class='ocrx_word' id='word_1_83' title='bbox 587 1257 618 1317; x_wconf 86' lang='lat' dir='ltr'><strong>S.</strong></span> <span class='ocrx_word' id='word_1_84' title='bbox 648 1258 835 1327; x_wconf 88' lang='lat' dir='ltr'><strong>Laurenti0;</strong></span> <span class='ocrx_word' id='word_1_85' title='bbox 869 1257 1052 1319; x_wconf 89' lang='lat' dir='ltr'><strong>Dedicationi</strong></span> 
     </span>
    </p>
   </div>
   <div class='ocr_carea' id='block_1_8' title="bbox 100 1336 1169 1419">
    <p class='ocr_par' dir='ltr' id='par_1_8' title="bbox 100 1336 1169 1419">
     <span class='ocr_line' id='line_1_13' title="bbox 100 1336 1169 1419; baseline -0.002 -19"><span class='ocrx_word' id='word_1_86' title='bbox 100 1344 242 1419; x_wconf 89' lang='lat' dir='ltr'><strong>propriae</strong></span> <span class='ocrx_word' id='word_1_87' title='bbox 265 1338 427 1406; x_wconf 87' lang='lat' dir='ltr'><strong>Ecclesiae,</strong></span> <span class='ocrx_word' id='word_1_88' title='bbox 450 1338 578 1400; x_wconf 88' lang='lat' dir='ltr'><strong>Patrono</strong></span> <span class='ocrx_word' id='word_1_89' title='bbox 602 1340 755 1417; x_wconf 90' lang='lat' dir='ltr'><strong>principali</strong></span> <span class='ocrx_word' id='word_1_90' title='bbox 779 1340 861 1407; x_wconf 87' lang='lat' dir='ltr'><strong>Loci,</strong></span> <span class='ocrx_word' id='word_1_91' title='bbox 886 1349 917 1402; x_wconf 91' lang='lat' dir='ltr'><strong>et</strong></span> <span class='ocrx_word' id='word_1_92' title='bbox 931 1340 1055 1401; x_wconf 89' lang='lat' dir='ltr'><strong>Titulari</strong></span> <span class='ocrx_word' id='word_1_93' title='bbox 1167 1336 1169 1343; x_wconf 85' lang='lat'>&#39;</span> 
     </span>
    </p>
   </div>
   <div class='ocr_carea' id='block_1_9' title="bbox 101 1420 1054 1496">
    <p class='ocr_par' dir='ltr' id='par_1_9' title="bbox 12 1410 1054 1503">
     <span class='ocr_line' id='line_1_14' title="bbox 101 1420 1054 1496; baseline -0.001 -14.085"><span class='ocrx_word' id='word_1_94' title='bbox 101 1441 139 1483; x_wconf 85' lang='lat' dir='ltr'><strong>ex</strong></span> <span class='ocrx_word' id='word_1_95' title='bbox 161 1424 291 1484; x_wconf 81' lang='lat' dir='ltr'><strong>Decreta</strong></span> <span class='ocrx_word' id='word_1_96' title='bbox 311 1422 342 1483; x_wconf 85' lang='lat' dir='ltr'><strong>S.</strong></span> <span class='ocrx_word' id='word_1_97' title='bbox 360 1425 395 1483; x_wconf 89' lang='lat' dir='ltr'><strong>R.</strong></span> <span class='ocrx_word' id='word_1_98' title='bbox 409 1422 443 1483; x_wconf 86' lang='lat' dir='ltr'><strong>C.</strong></span> <span class='ocrx_word' id='word_1_99' title='bbox 467 1422 503 1481; x_wconf 92' lang='lat' dir='ltr'><strong>ad</strong></span> <span class='ocrx_word' id='word_1_100' title='bbox 526 1439 615 1496; x_wconf 82' lang='lat' dir='ltr'><strong>quam</strong></span> <span class='ocrx_word' id='word_1_101' title='bbox 638 1427 737 1481; x_wconf 91' lang='lat' dir='ltr'><strong>tamen</strong></span> <span class='ocrx_word' id='word_1_102' title='bbox 760 1420 904 1483; x_wconf 90' lang='lat' dir='ltr'><strong>Octavam</strong></span> <span class='ocrx_word' id='word_1_103' title='bbox 928 1441 986 1481; x_wconf 91' lang='lat' dir='ltr'><strong>non</strong></span> <span class='ocrx_word' id='word_1_104' title='bbox 1010 1427 1054 1481; x_wconf 86' lang='lat' dir='ltr'><strong>te·</strong></span> 
     </span>
    </p>
   </div>
   <div class='ocr_carea' id='block_1_10' title="bbox 101 1502 1055 1583">
    <p class='ocr_par' dir='ltr' id='par_1_10' title="bbox 101 1502 1055 1583">
     <span class='ocr_line' id='line_1_15' title="bbox 101 1502 1055 1583; baseline -0.003 -18"><span class='ocrx_word' id='word_1_105' title='bbox 101 1510 211 1566; x_wconf 86' lang='lat' dir='ltr'><strong>nentur</strong></span> <span class='ocrx_word' id='word_1_106' title='bbox 233 1505 408 1583; x_wconf 81' lang='lat' dir='ltr'><strong>Regulares.</strong></span> <span class='ocrx_word' id='word_1_107' title='bbox 430 1502 519 1563; x_wconf 86' lang='lat' dir='ltr'><strong>Festa</strong></span> <span class='ocrx_word' id='word_1_108' title='bbox 541 1506 642 1562; x_wconf 91' lang='lat' dir='ltr'><strong>autem</strong></span> <span class='ocrx_word' id='word_1_109' title='bbox 666 1503 861 1573; x_wconf 85' lang='lat' dir='ltr'><strong>Sanctorum,</strong></span> <span class='ocrx_word' id='word_1_110' title='bbox 886 1524 962 1581; x_wconf 88' lang='lat' dir='ltr'><strong>quae</strong></span> <span class='ocrx_word' id='word_1_111' title='bbox 985 1521 1055 1563; x_wconf 85' lang='lat' dir='ltr'><strong>cum</strong></span> 
     </span>
    </p>
   </div>
   <div class='ocr_carea' id='block_1_11' title="bbox 21 1583 1056 1665">
    <p class='ocr_par' dir='ltr' id='par_1_11' title="bbox 21 1583 1056 1665">
     <span class='ocr_line' id='line_1_16' title="bbox 21 1583 1056 1665; baseline -0.009 -13"><span class='ocrx_word' id='word_1_112' title='bbox 21 1637 26 1652; x_wconf 86' lang='lat'><strong>.</strong></span> <span class='ocrx_word' id='word_1_113' title='bbox 102 1587 225 1647; x_wconf 86' lang='lat' dir='ltr'><strong>Octavis</strong></span> <span class='ocrx_word' id='word_1_114' title='bbox 246 1592 468 1649; x_wconf 86' lang='lat' dir='ltr'><strong>consueverunt</strong></span> <span class='ocrx_word' id='word_1_115' title='bbox 489 1583 662 1645; x_wconf 84' lang='lat' dir='ltr'><strong>solemniter</strong></span> <span class='ocrx_word' id='word_1_116' title='bbox 690 1586 836 1647; x_wconf 88' lang='lat' dir='ltr'><strong>celebrari</strong></span> <span class='ocrx_word' id='word_1_117' title='bbox 866 1590 945 1665; x_wconf 91' lang='lat' dir='ltr'><strong>apud</strong></span> <span class='ocrx_word' id='word_1_118' title='bbox 967 1602 1056 1660; x_wconf 82' lang='lat' dir='ltr'><strong>quas·</strong></span> 
     </span>
    </p>
   </div>
   <div class='ocr_carea' id='block_1_12' title="bbox 13 1666 1139 2084">
    <p class='ocr_par' dir='ltr' id='par_1_12' title="bbox 13 1666 1139 2084">
     <span class='ocr_line' id='line_1_17' title="bbox 13 1666 1055 1749; baseline -0.005 -20"><span class='ocrx_word' id='word_1_119' title='bbox 13 1713 22 1749; x_wconf 34' lang='grc' dir='ltr'><strong>ἰ,</strong></span> <span class='ocrx_word' id='word_1_120' title='bbox 103 1670 172 1729; x_wconf 86' lang='lat' dir='ltr'><strong>dam</strong></span> <span class='ocrx_word' id='word_1_121' title='bbox 195 1667 364 1738; x_wconf 89' lang='lat' dir='ltr'><strong>Ecclesias,</strong></span> <span class='ocrx_word' id='word_1_122' title='bbox 388 1668 637 1745; x_wconf 82' lang='lat' dir='ltr'><strong>Congregationes</strong></span> <span class='ocrx_word' id='word_1_123' title='bbox 670 1674 700 1727; x_wconf 91' lang='lat' dir='ltr'><strong>et</strong></span> <span class='ocrx_word' id='word_1_124' title='bbox 721 1666 849 1729; x_wconf 88' lang='lat' dir='ltr'><strong>Ordines</strong></span> <span class='ocrx_word' id='word_1_125' title='bbox 882 1689 940 1729; x_wconf 91' lang='lat' dir='ltr'><strong>non</strong></span> <span class='ocrx_word' id='word_1_126' title='bbox 968 1668 1055 1726; x_wconf 87' lang='lat' dir='ltr'><strong>abro-</strong></span> 
     </span>
     <span class='ocr_line' id='line_1_18' title="bbox 13 1745 1139 1830; baseline -0.002 -19"><span class='ocrx_word' id='word_1_127' title='bbox 13 1793 21 1826; x_wconf 68' lang='lat'><strong>,</strong></span> <span class='ocrx_word' id='word_1_128' title='bbox 103 1756 223 1830; x_wconf 81' lang='lat' dir='ltr'><strong>gantur,</strong></span> <span class='ocrx_word' id='word_1_129' title='bbox 246 1752 303 1811; x_wconf 90' lang='lat' dir='ltr'><strong>sed</strong></span> <span class='ocrx_word' id='word_1_130' title='bbox 320 1757 386 1828; x_wconf 89' lang='lat' dir='ltr'><strong>post</strong></span> <span class='ocrx_word' id='word_1_131' title='bbox 410 1750 523 1810; x_wconf 91' lang='lat' dir='ltr'><strong>editum</strong></span> <span class='ocrx_word' id='word_1_132' title='bbox 546 1766 563 1807; x_wconf 93' lang='lat' dir='ltr'><strong>a</strong></span> <span class='ocrx_word' id='word_1_133' title='bbox 584 1747 616 1808; x_wconf 89' lang='lat' dir='ltr'><strong>S.</strong></span> <span class='ocrx_word' id='word_1_134' title='bbox 639 1747 693 1808; x_wconf 89' lang='lat' dir='ltr'><strong>Pio</strong></span> <span class='ocrx_word' id='word_1_135' title='bbox 715 1749 742 1809; x_wconf 91' lang='lat' dir='ltr'>V</span> <span class='ocrx_word' id='word_1_136' title='bbox 763 1752 951 1813; x_wconf 86' lang='lat' dir='ltr'><strong>Breviarium</strong></span> <span class='ocrx_word' id='word_1_137' title='bbox 975 1748 1056 1809; x_wconf 85' lang='lat' dir='ltr'><strong>nulla</strong></span> <span class='ocrx_word' id='word_1_138' title='bbox 1122 1745 1139 1755; x_wconf 71' lang='grc'><strong><em>’</em></strong></span> 
     </span>
     <span class='ocr_line' id='line_1_19' title="bbox 14 1829 1056 1911; baseline -0.005 -17"><span class='ocrx_word' id='word_1_139' title='bbox 14 1833 25 1902; x_wconf 63' lang='grc'><strong>’,</strong></span> <span class='ocrx_word' id='word_1_140' title='bbox 102 1838 201 1911; x_wconf 86' lang='lat' dir='ltr'><strong>petest</strong></span> <span class='ocrx_word' id='word_1_141' title='bbox 221 1833 320 1893; x_wconf 85' lang='lat' dir='ltr'><strong>induci</strong></span> <span class='ocrx_word' id='word_1_142' title='bbox 343 1832 456 1893; x_wconf 88' lang='lat' dir='ltr'><strong>Octava</strong></span> <span class='ocrx_word' id='word_1_143' title='bbox 478 1832 554 1891; x_wconf 93' lang='lat' dir='ltr'><strong>ultra</strong></span> <span class='ocrx_word' id='word_1_144' title='bbox 578 1831 761 1907; x_wconf 84' lang='lat' dir='ltr'><strong>assignatas,</strong></span> <span class='ocrx_word' id='word_1_145' title='bbox 784 1836 847 1894; x_wconf 92' lang='lat' dir='ltr'><strong>sine</strong></span> <span class='ocrx_word' id='word_1_146' title='bbox 869 1829 956 1895; x_wconf 86' lang='lat' dir='ltr'><strong>Sedis</strong></span> <span class='ocrx_word' id='word_1_147' title='bbox 975 1832 1056 1907; x_wconf 86' lang='lat' dir='ltr'><strong>Apo·</strong></span> 
     </span>
     <span class='ocr_line' id='line_1_20' title="bbox 16 1912 1053 1997; baseline -0.005 -21"><span class='ocrx_word' id='word_1_148' title='bbox 16 1961 21 1997; x_wconf 58' lang='lat'><em>3</em></span> <span class='ocrx_word' id='word_1_149' title='bbox 102 1915 226 1976; x_wconf 88' lang='lat' dir='ltr'><strong>stniicae</strong></span> <span class='ocrx_word' id='word_1_150' title='bbox 241 1916 431 1975; x_wconf 89' lang='lat' dir='ltr'><strong>auctoritate.</strong></span> <span class='ocrx_word' id='word_1_151' title='bbox 455 1912 548 1972; x_wconf 88' lang='lat' dir='ltr'><strong>Porro</strong></span> <span class='ocrx_word' id='word_1_152' title='bbox 570 1912 702 1973; x_wconf 88' lang='lat' dir='ltr'><strong>Octavae</strong></span> <span class='ocrx_word' id='word_1_153' title='bbox 722 1915 758 1974; x_wconf 90' lang='lat' dir='ltr'><strong>ad</strong></span> <span class='ocrx_word' id='word_1_154' title='bbox 774 1923 901 1991; x_wconf 89' lang='lat' dir='ltr'><strong>quatuor</strong></span> <span class='ocrx_word' id='word_1_155' title='bbox 924 1914 1053 1980; x_wconf 82' lang='lat' dir='ltr'><strong>Classes,</strong></span> 
     </span>
     <span class='ocr_line' id='line_1_21' title="bbox 13 1995 1056 2084; baseline -0.004 -27"><span class='ocrx_word' id='word_1_156' title='bbox 13 2046 23 2084; x_wconf 46' lang='grc' dir='ltr'>ἓ</span> <span class='ocrx_word' id='word_1_157' title='bbox 103 2014 156 2057; x_wconf 90' lang='lat' dir='ltr'><strong>seu</strong></span> <span class='ocrx_word' id='word_1_158' title='bbox 172 1996 282 2073; x_wconf 82' lang='lat' dir='ltr'><strong>gradus</strong></span> <span class='ocrx_word' id='word_1_159' title='bbox 305 1995 595 2073; x_wconf 70' lang='lat' dir='ltr'><strong>possuntrevocarii</strong></span> <span class='ocrx_word' id='word_1_160' title='bbox 616 1995 645 2054; x_wconf 93' lang='lat' dir='ltr'><strong>in</strong></span> <span class='ocrx_word' id='word_1_161' title='bbox 669 1996 765 2071; x_wconf 89' lang='lat' dir='ltr'><strong>primo</strong></span> <span class='ocrx_word' id='word_1_162' title='bbox 787 2004 855 2057; x_wconf 91' lang='lat' dir='ltr'><strong>sunt</strong></span> <span class='ocrx_word' id='word_1_163' title='bbox 877 1999 972 2075; x_wconf 83' lang='lat' dir='ltr'><strong>magis</strong></span> <span class='ocrx_word' id='word_1_164' title='bbox 995 1995 1056 2074; x_wconf 89' lang='lat' dir='ltr'><strong>pri-</strong></span> 
     </span>
    </p>
   </div>
   <div class='ocr_carea' id='block_1_13' title="bbox 102 2076 1056 2157">
    <p class='ocr_par' dir='ltr' id='par_1_13' title="bbox 102 2076 1056 2157">
     <span class='ocr_line' id='line_1_22' title="bbox 102 2076 1056 2157; baseline -0.004 -19"><span class='ocrx_word' id='word_1_165' title='bbox 102 2078 283 2157; x_wconf 82' lang='lat' dir='ltr'><strong>vilegiatae,</strong></span> <span class='ocrx_word' id='word_1_166' title='bbox 308 2096 416 2154; x_wconf 91' lang='lat' dir='ltr'><strong>nempe</strong></span> <span class='ocrx_word' id='word_1_167' title='bbox 437 2076 551 2137; x_wconf 81' lang='lat' dir='ltr'><strong>Octava</strong></span> <span class='ocrx_word' id='word_1_168' title='bbox 574 2076 706 2146; x_wconf 82' lang='lat' dir='ltr'><strong>Paschae</strong></span> <span class='ocrx_word' id='word_1_169' title='bbox 733 2081 764 2139; x_wconf 90' lang='lat' dir='ltr'><strong>et</strong></span> <span class='ocrx_word' id='word_1_170' title='bbox 785 2078 1000 2144; x_wconf 89' lang='lat' dir='ltr'><strong>Pentecostes,</strong></span> <span class='ocrx_word' id='word_1_171' title='bbox 1025 2076 1056 2135; x_wconf 92' lang='lat' dir='ltr'><strong>iu</strong></span> 
     </span>
    </p>
   </div>
   <div class='ocr_carea' id='block_1_14' title="bbox 12 2157 1063 3143">
    <p class='ocr_par' dir='ltr' id='par_1_14' title="bbox 12 2157 1063 3143">
     <span class='ocr_line' id='line_1_23' title="bbox 13 2157 1055 2241; baseline -0.005 -19"><span class='ocrx_word' id='word_1_172' title='bbox 13 2213 23 2224; x_wconf 86' lang='grc'><strong>,,</strong></span> <span class='ocrx_word' id='word_1_173' title='bbox 104 2160 272 2237; x_wconf 83' lang='lat' dir='ltr'><strong>quibusda</strong></span> <span class='ocrx_word' id='word_1_174' title='bbox 287 2162 369 2221; x_wconf 89' lang='lat' dir='ltr'><strong>nullo</strong></span> <span class='ocrx_word' id='word_1_175' title='bbox 391 2157 479 2220; x_wconf 87' lang='lat' dir='ltr'><strong>Festo</strong></span> <span class='ocrx_word' id='word_1_176' title='bbox 501 2160 591 2218; x_wconf 91' lang='lat' dir='ltr'><strong>etiam</strong></span> <span class='ocrx_word' id='word_1_177' title='bbox 615 2159 731 2234; x_wconf 88' lang='lat' dir='ltr'><strong>primae</strong></span> <span class='ocrx_word' id='word_1_178' title='bbox 746 2158 854 2223; x_wconf 84' lang='lat' dir='ltr'><strong>Classis</strong></span> <span class='ocrx_word' id='word_1_179' title='bbox 876 2168 975 2241; x_wconf 87' lang='lat' dir='ltr'><strong>potest</strong></span> <span class='ocrx_word' id='word_1_180' title='bbox 989 2159 1055 2221; x_wconf 80' lang='lat' dir='ltr'><strong>sieri</strong></span> 
     </span>
     <span class='ocr_line' id='line_1_24' title="bbox 13 2237 1059 2323; baseline -0.001 -21"><span class='ocrx_word' id='word_1_181' title='bbox 13 2239 22 2249; x_wconf 74' lang='grc'><em>’</em></span> <span class='ocrx_word' id='word_1_182' title='bbox 61 2256 71 2267; x_wconf 90' lang='grc'>·</span> <span class='ocrx_word' id='word_1_183' title='bbox 104 2239 257 2312; x_wconf 81' lang='lat' dir='ltr'><strong>Ollieium,</strong></span> <span class='ocrx_word' id='word_1_184' title='bbox 281 2261 379 2318; x_wconf 88' lang='lat' dir='ltr'><strong>neque</strong></span> <span class='ocrx_word' id='word_1_185' title='bbox 400 2242 525 2301; x_wconf 91' lang='lat' dir='ltr'><strong>alicuius</strong></span> <span class='ocrx_word' id='word_1_186' title='bbox 547 2237 627 2299; x_wconf 86' lang='lat' dir='ltr'><strong>Festi</strong></span> <span class='ocrx_word' id='word_1_187' title='bbox 650 2238 774 2313; x_wconf 84' lang='lat' dir='ltr'><strong>Octava,</strong></span> <span class='ocrx_word' id='word_1_188' title='bbox 801 2263 896 2323; x_wconf 86' lang='lat' dir='ltr'><strong>neque</strong></span> <span class='ocrx_word' id='word_1_189' title='bbox 919 2244 1059 2305; x_wconf 87' lang='lat' dir='ltr'><strong>Comme·</strong></span> 
     </span>
     <span class='ocr_line' id='line_1_25' title="bbox 13 2321 1059 2407; baseline -0.001 -23"><span class='ocrx_word' id='word_1_190' title='bbox 13 2389 21 2398; x_wconf 10' lang='lat' dir='ltr'><strong>y,</strong></span> <span class='ocrx_word' id='word_1_191' title='bbox 103 2326 255 2392; x_wconf 84' lang='lat' dir='ltr'><strong>moratio.</strong></span> <span class='ocrx_word' id='word_1_192' title='bbox 280 2323 382 2407; x_wconf 87' lang='lat' dir='ltr'><strong>Solum</strong></span> <span class='ocrx_word' id='word_1_193' title='bbox 412 2323 494 2383; x_wconf 86' lang='lat' dir='ltr'><strong>Festi</strong></span> <span class='ocrx_word' id='word_1_194' title='bbox 516 2321 688 2398; x_wconf 83' lang='lat' dir='ltr'><strong>Simplicis.</strong></span> <span class='ocrx_word' id='word_1_195' title='bbox 724 2324 748 2384; x_wconf 92' lang='lat' dir='ltr'><strong>si</strong></span> <span class='ocrx_word' id='word_1_196' title='bbox 772 2325 847 2385; x_wconf 86' lang='lat' dir='ltr'><strong>inira</strong></span> <span class='ocrx_word' id='word_1_197' title='bbox 869 2327 957 2393; x_wconf 86' lang='lat' dir='ltr'><strong>illas,</strong></span> <span class='ocrx_word' id='word_1_198' title='bbox 992 2328 1059 2402; x_wconf 89' lang='lat' dir='ltr'><strong>post</strong></span> 
     </span>
     <span class='ocr_line' id='line_1_26' title="bbox 104 2406 1060 2485; baseline -0.003 -18.263"><span class='ocrx_word' id='word_1_199' title='bbox 104 2408 236 2485; x_wconf 91' lang='lat' dir='ltr'><strong>primum</strong></span> <span class='ocrx_word' id='word_1_200' title='bbox 259 2424 365 2468; x_wconf 91' lang='lat' dir='ltr'><strong>earum</strong></span> <span class='ocrx_word' id='word_1_201' title='bbox 388 2406 535 2466; x_wconf 88' lang='lat' dir='ltr'><strong>Triduum</strong></span> <span class='ocrx_word' id='word_1_202' title='bbox 557 2408 708 2471; x_wconf 89' lang='lat' dir='ltr'><strong>occurrat,</strong></span> <span class='ocrx_word' id='word_1_203' title='bbox 733 2409 904 2468; x_wconf 90' lang='lat' dir='ltr'><strong>conceditur</strong></span> <span class='ocrx_word' id='word_1_204' title='bbox 920 2407 1060 2469; x_wconf 86' lang='lat' dir='ltr'><strong>Comme-</strong></span> 
     </span>
     <span class='ocr_line' id='line_1_27' title="bbox 13 2486 1061 2564; baseline -0.001 -15"><span class='ocrx_word' id='word_1_205' title='bbox 13 2489 17 2556; x_wconf 85' lang='grc'><strong>,’</strong></span> <span class='ocrx_word' id='word_1_206' title='bbox 103 2489 233 2549; x_wconf 92' lang='lat' dir='ltr'><strong>moratio</strong></span> <span class='ocrx_word' id='word_1_207' title='bbox 255 2490 284 2547; x_wconf 91' lang='lat' dir='ltr'><strong>in</strong></span> <span class='ocrx_word' id='word_1_208' title='bbox 305 2487 475 2564; x_wconf 77' lang='lat' dir='ltr'><strong>vesperis,</strong></span> <span class='ocrx_word' id='word_1_209' title='bbox 504 2486 656 2546; x_wconf 90' lang='lat' dir='ltr'><strong>Laudibus</strong></span> <span class='ocrx_word' id='word_1_210' title='bbox 688 2490 776 2548; x_wconf 88' lang='lat' dir='ltr'><strong>etad</strong></span> <span class='ocrx_word' id='word_1_211' title='bbox 799 2490 932 2549; x_wconf 87' lang='lat' dir='ltr'><strong>Missam.</strong></span> <span class='ocrx_word' id='word_1_212' title='bbox 956 2490 989 2550; x_wconf 92' lang='lat' dir='ltr'><strong>lu</strong></span> <span class='ocrx_word' id='word_1_213' title='bbox 1013 2506 1061 2548; x_wconf 90' lang='lat' dir='ltr'><strong>se·</strong></span> 
     </span>
     <span class='ocr_line' id='line_1_28' title="bbox 13 2565 1060 2650; baseline -0.002 -19"><span class='ocrx_word' id='word_1_214' title='bbox 13 2565 19 2631; x_wconf 81' lang='lat'><strong>1&#39;</strong></span> <span class='ocrx_word' id='word_1_215' title='bbox 103 2572 202 2631; x_wconf 89' lang='lat' dir='ltr'><strong>cundo</strong></span> <span class='ocrx_word' id='word_1_216' title='bbox 216 2581 316 2630; x_wconf 90' lang='lat' dir='ltr'><strong>autem</strong></span> <span class='ocrx_word' id='word_1_217' title='bbox 339 2570 433 2648; x_wconf 81' lang='lat' dir='ltr'><strong>gradu</strong></span> <span class='ocrx_word' id='word_1_218' title='bbox 455 2569 662 2649; x_wconf 83' lang='lat' dir='ltr'><strong>privilegiatae</strong></span> <span class='ocrx_word' id='word_1_219' title='bbox 677 2576 745 2630; x_wconf 88' lang='lat' dir='ltr'><strong>sunt</strong></span> <span class='ocrx_word' id='word_1_220' title='bbox 759 2566 902 2637; x_wconf 68' lang='lat' dir='ltr'><strong>Octauae,</strong></span> <span class='ocrx_word' id='word_1_221' title='bbox 925 2570 1060 2650; x_wconf 89' lang='lat' dir='ltr'><strong>Epipha·</strong></span> 
     </span>
     <span class='ocr_line' id='line_1_29' title="bbox 17 2648 1060 2733; baseline -0.002 -19"><span class='ocrx_word' id='word_1_222' title='bbox 17 2702 21 2714; x_wconf 94' lang='lat'><strong>.</strong></span> <span class='ocrx_word' id='word_1_223' title='bbox 104 2653 194 2716; x_wconf 81' lang='lat' dir='ltr'><strong>niae,</strong></span> <span class='ocrx_word' id='word_1_224' title='bbox 218 2651 247 2710; x_wconf 90' lang='lat' dir='ltr'><strong>in</strong></span> <span class='ocrx_word' id='word_1_225' title='bbox 270 2670 330 2728; x_wconf 87' lang='lat' dir='ltr'><strong>qua</strong></span> <span class='ocrx_word' id='word_1_226' title='bbox 346 2656 469 2723; x_wconf 87' lang='lat' dir='ltr'><strong>tantum</strong></span> <span class='ocrx_word' id='word_1_227' title='bbox 492 2648 581 2733; x_wconf 85' lang='lat' dir='ltr'><strong>Festa</strong></span> <span class='ocrx_word' id='word_1_228' title='bbox 601 2648 721 2711; x_wconf 85' lang='lat' dir='ltr'><strong>Patroni</strong></span> <span class='ocrx_word' id='word_1_229' title='bbox 751 2655 944 2732; x_wconf 84' lang='lat' dir='ltr'><strong>prineipalis,</strong></span> <span class='ocrx_word' id='word_1_230' title='bbox 972 2655 1060 2713; x_wconf 89' lang='lat' dir='ltr'><strong>item-</strong></span> 
     </span>
     <span class='ocr_line' id='line_1_30' title="bbox 12 2730 1058 2811; baseline -0.004 -14"><span class='ocrx_word' id='word_1_231' title='bbox 12 2733 20 2810; x_wconf 77' lang='lat'><strong>1]</strong></span> <span class='ocrx_word' id='word_1_232' title='bbox 103 2752 164 2811; x_wconf 92' lang='lat' dir='ltr'><strong>que</strong></span> <span class='ocrx_word' id='word_1_233' title='bbox 178 2730 301 2795; x_wconf 82' lang='lat' dir='ltr'><strong>Festum</strong></span> <span class='ocrx_word' id='word_1_234' title='bbox 316 2734 469 2803; x_wconf 84' lang='lat' dir='ltr'><strong>Tituleris,</strong></span> <span class='ocrx_word' id='word_1_235' title='bbox 493 2737 525 2793; x_wconf 92' lang='lat' dir='ltr'><strong>et</strong></span> <span class='ocrx_word' id='word_1_236' title='bbox 545 2730 748 2795; x_wconf 83' lang='lat' dir='ltr'><strong>Dedicationis</strong></span> <span class='ocrx_word' id='word_1_237' title='bbox 763 2736 927 2807; x_wconf 86' lang='lat' dir='ltr'><strong>Ecclesiae,</strong></span> <span class='ocrx_word' id='word_1_238' title='bbox 951 2734 1058 2796; x_wconf 86' lang='lat' dir='ltr'><strong>diebus</strong></span> 
     </span>
     <span class='ocr_line' id='line_1_31' title="bbox 13 2811 1057 2894; baseline -0.001 -19"><span class='ocrx_word' id='word_1_239' title='bbox 13 2813 19 2888; x_wconf 70' lang='lat' dir='ltr'><strong>&#39;J</strong></span> <span class='ocrx_word' id='word_1_240' title='bbox 104 2815 184 2876; x_wconf 89' lang='lat' dir='ltr'><strong>inlra</strong></span> <span class='ocrx_word' id='word_1_241' title='bbox 207 2811 514 2890; x_wconf 78' lang='lat' dir='ltr'><strong>ipsam&#39;occurrenua</strong></span> <span class='ocrx_word' id='word_1_242' title='bbox 536 2814 684 2876; x_wconf 90' lang='lat' dir='ltr'><strong>celebrari</strong></span> <span class='ocrx_word' id='word_1_243' title='bbox 705 2824 839 2894; x_wconf 90' lang='lat' dir='ltr'><strong>possunt,</strong></span> <span class='ocrx_word' id='word_1_244' title='bbox 863 2818 914 2879; x_wconf 91' lang='lat' dir='ltr'><strong>sed</strong></span> <span class='ocrx_word' id='word_1_245' title='bbox 937 2832 1057 2893; x_wconf 91' lang='lat' dir='ltr'><strong>semper</strong></span> 
     </span>
     <span class='ocr_line' id='line_1_32' title="bbox 14 2893 1060 2977; baseline -0.005 -16"><span class='ocrx_word' id='word_1_246' title='bbox 14 2933 17 2961; x_wconf 76' lang='grc'><strong><em>;</em></strong></span> <span class='ocrx_word' id='word_1_247' title='bbox 104 2916 176 2958; x_wconf 87' lang='lat' dir='ltr'><strong>cum</strong></span> <span class='ocrx_word' id='word_1_248' title='bbox 198 2893 491 2969; x_wconf 84' lang='lat' dir='ltr'><strong>Commemoratione</strong></span> <span class='ocrx_word' id='word_1_249' title='bbox 513 2898 607 2974; x_wconf 91' lang='lat' dir='ltr'><strong>ipsius</strong></span> <span class='ocrx_word' id='word_1_250' title='bbox 627 2893 761 2958; x_wconf 88' lang='lat' dir='ltr'><strong>Octavae</strong></span> <span class='ocrx_word' id='word_1_251' title='bbox 783 2898 968 2977; x_wconf 79' lang='lat' dir='ltr'><strong>Epiphaniae</strong></span> <span class='ocrx_word' id='word_1_252' title='bbox 997 2903 1060 2957; x_wconf 92' lang='lat' dir='ltr'><strong>tam</strong></span> 
     </span>
     <span class='ocr_line' id='line_1_33' title="bbox 13 2975 1059 3061; baseline -0.002 -23"><span class='ocrx_word' id='word_1_253' title='bbox 13 2977 18 3044; x_wconf 80' lang='grc'><strong>,’</strong></span> <span class='ocrx_word' id='word_1_254' title='bbox 104 2981 136 3039; x_wconf 91' lang='lat' dir='ltr'><strong>in</strong></span> <span class='ocrx_word' id='word_1_255' title='bbox 148 2977 266 3049; x_wconf 86' lang='lat' dir='ltr'><strong>Officio,</strong></span> <span class='ocrx_word' id='word_1_256' title='bbox 290 3000 379 3059; x_wconf 85' lang='lat' dir='ltr'><strong>quam</strong></span> <span class='ocrx_word' id='word_1_257' title='bbox 401 2981 548 3042; x_wconf 77' lang='lat' dir='ltr'><strong>imMissa.</strong></span> <span class='ocrx_word' id='word_1_258' title='bbox 571 2975 639 3055; x_wconf 90' lang='lat' dir='ltr'><strong>Ipsa</strong></span> <span class='ocrx_word' id='word_1_259' title='bbox 655 2983 756 3061; x_wconf 89' lang='lat' dir='ltr'><strong>tamen</strong></span> <span class='ocrx_word' id='word_1_260' title='bbox 778 2982 840 3042; x_wconf 91' lang='lat' dir='ltr'><strong>dies</strong></span> <span class='ocrx_word' id='word_1_261' title='bbox 855 2981 970 3043; x_wconf 87' lang='lat' dir='ltr'><strong>Octava</strong></span> <span class='ocrx_word' id='word_1_262' title='bbox 990 2978 1059 3060; x_wconf 87' lang='lat' dir='ltr'><strong>Epi·</strong></span> 
     </span>
     <span class='ocr_line' id='line_1_34' title="bbox 13 3057 1063 3143; baseline -0.006 -17"><span class='ocrx_word' id='word_1_263' title='bbox 13 3057 15 3126; x_wconf 64' lang='lat' dir='ltr'>ss</span> <span class='ocrx_word' id='word_1_264' title='bbox 104 3060 234 3140; x_wconf 86' lang='lat' dir='ltr'><strong>phaniae</strong></span> <span class='ocrx_word' id='word_1_265' title='bbox 256 3065 356 3123; x_wconf 87' lang='lat' dir='ltr'><strong>omnia</strong></span> <span class='ocrx_word' id='word_1_266' title='bbox 377 3062 499 3122; x_wconf 91' lang='lat' dir='ltr'><strong>omnino</strong></span> <span class='ocrx_word' id='word_1_267' title='bbox 520 3061 611 3121; x_wconf 83' lang='lat' dir='ltr'><strong>etiam</strong></span> <span class='ocrx_word' id='word_1_268' title='bbox 635 3061 879 3143; x_wconf 81' lang='lat' dir='ltr'><strong>primaeClassis</strong></span> <span class='ocrx_word' id='word_1_269' title='bbox 900 3061 987 3124; x_wconf 86' lang='lat' dir='ltr'><strong>Festa</strong></span> <span class='ocrx_word' id='word_1_270' title='bbox 1010 3078 1063 3120; x_wconf 87' lang='lat' dir='ltr'><strong>ex-</strong></span> 
     </span>
    </p>
   </div>
   <div class='ocr_carea' id='block_1_15' title="bbox 12 3197 18 3238">
    <p class='ocr_par' dir='ltr' id='par_1_15' title="bbox 12 3197 18 3238">
     <span class='ocr_line' id='line_1_35' title="bbox 12 3197 18 3238; baseline 0 0"><span class='ocrx_word' id='word_1_271' title='bbox 12 3197 18 3238; x_wconf 91' lang='lat' dir='ltr'><strong>l</strong></span> 
     </span>
    </p>
   </div>
   <div class='ocr_carea' id='block_1_16' title="bbox 13 3135 1063 3303">
    <p class='ocr_par' dir='ltr' id='par_1_16' title="bbox 13 3135 1063 3303">
     <span class='ocr_line' id='line_1_36' title="bbox 13 3135 1063 3227; baseline -0.003 -24"><span class='ocrx_word' id='word_1_272' title='bbox 13 3135 16 3154; x_wconf 56' lang='lat'>⁸</span> <span class='ocrx_word' id='word_1_273' title='bbox 106 3142 1063 3227; x_wconf 77' lang='lat' dir='ltr'><strong>cludit.Tertium.gradumtenentmiuusprivilegiataetOetava</strong></span> 
     </span>
     <span class='ocr_line' id='line_1_37' title="bbox 13 3222 1059 3303; baseline -0.004 -17"><span class='ocrx_word' id='word_1_274' title='bbox 13 3285 15 3294; x_wconf 77' lang='grc'>,</span> <span class='ocrx_word' id='word_1_275' title='bbox 107 3224 161 3286; x_wconf 87' lang='lat' dir='ltr'><strong>SS.</strong></span> <span class='ocrx_word' id='word_1_276' title='bbox 174 3224 314 3302; x_wconf 89' lang='lat' dir='ltr'><strong>Corporis</strong></span> <span class='ocrx_word' id='word_1_277' title='bbox 335 3226 459 3293; x_wconf 86' lang='lat' dir='ltr'><strong>Christi,</strong></span> <span class='ocrx_word' id='word_1_278' title='bbox 482 3224 557 3285; x_wconf 85' lang='lat' dir='ltr'><strong>inira</strong></span> <span class='ocrx_word' id='word_1_279' title='bbox 579 3242 668 3301; x_wconf 89' lang='lat' dir='ltr'><strong>quam</strong></span> <span class='ocrx_word' id='word_1_280' title='bbox 683 3222 770 3303; x_wconf 84' lang='lat' dir='ltr'><strong>juxta</strong></span> <span class='ocrx_word' id='word_1_281' title='bbox 791 3224 960 3289; x_wconf 74' lang='lat' dir='ltr'><strong>Decretum·</strong></span> <span class='ocrx_word' id='word_1_282' title='bbox 977 3225 1008 3286; x_wconf 89' lang='lat' dir='ltr'><strong>S.</strong></span> <span class='ocrx_word' id='word_1_283' title='bbox 1021 3224 1059 3283; x_wconf 86' lang='lat' dir='ltr'><strong>R.</strong></span> 
     </span>
    </p>
   </div>
   <div class='ocr_carea' id='block_1_17' title="bbox 12 3301 1062 3634">
    <p class='ocr_par' dir='ltr' id='par_1_17' title="bbox 12 3301 1062 3634">
     <span class='ocr_line' id='line_1_38' title="bbox 13 3301 1062 3389; baseline -0.003 -20"><span class='ocrx_word' id='word_1_284' title='bbox 13 3301 15 3310; x_wconf 70' lang='lat'>&#39;</span> <span class='ocrx_word' id='word_1_285' title='bbox 107 3305 143 3369; x_wconf 90' lang='lat' dir='ltr'><strong>C.</strong></span> <span class='ocrx_word' id='word_1_286' title='bbox 157 3307 214 3368; x_wconf 87' lang='lat' dir='ltr'><strong>&#39;die</strong></span> <span class='ocrx_word' id='word_1_287' title='bbox 227 3306 267 3368; x_wconf 87' lang='grc'><strong>30</strong></span> <span class='ocrx_word' id='word_1_288' title='bbox 281 3308 354 3369; x_wconf 87' lang='lat' dir='ltr'><strong>Maii</strong></span> <span class='ocrx_word' id='word_1_289' title='bbox 375 3306 455 3368; x_wconf 85' lang='grc'><strong>1699</strong></span> <span class='ocrx_word' id='word_1_290' title='bbox 477 3304 632 3367; x_wconf 80' lang='lat' dir='ltr'><strong>transferri</strong></span> <span class='ocrx_word' id='word_1_291' title='bbox 655 3315 778 3385; x_wconf 87' lang='lat' dir='ltr'><strong>possunt</strong></span> <span class='ocrx_word' id='word_1_292' title='bbox 799 3308 936 3389; x_wconf 88' lang='lat' dir='ltr'><strong>Duplicia</strong></span> <span class='ocrx_word' id='word_1_293' title='bbox 958 3324 1062 3369; x_wconf 88' lang='lat' dir='ltr'><strong>secuu-</strong></span> 
     </span>
     <span class='ocr_line' id='line_1_39' title="bbox 13 3380 1061 3465; baseline 0.006 -16"><span class='ocrx_word' id='word_1_294' title='bbox 13 3380 15 3400; x_wconf 76' lang='lat'><em>&#39;</em></span> <span class='ocrx_word' id='word_1_295' title='bbox 107 3390 166 3450; x_wconf 88' lang='lat' dir='ltr'><strong>dae</strong></span> <span class='ocrx_word' id='word_1_296' title='bbox 187 3387 297 3451; x_wconf 88' lang='lat' dir='ltr'><strong>Classis</strong></span> <span class='ocrx_word' id='word_1_297' title='bbox 319 3392 348 3451; x_wconf 90' lang='lat' dir='ltr'><strong>in</strong></span> <span class='ocrx_word' id='word_1_298' title='bbox 369 3389 459 3451; x_wconf 85' lang='lat' dir='ltr'><strong>Festo</strong></span> <span class='ocrx_word' id='word_1_299' title='bbox 481 3388 533 3451; x_wconf 90' lang='lat' dir='ltr'><strong>SS.</strong></span> <span class='ocrx_word' id='word_1_300' title='bbox 557 3385 698 3465; x_wconf 91' lang='lat' dir='ltr'><strong>Corporis</strong></span> <span class='ocrx_word' id='word_1_301' title='bbox 720 3388 830 3452; x_wconf 88' lang='lat' dir='ltr'><strong>Christi</strong></span> <span class='ocrx_word' id='word_1_302' title='bbox 854 3390 1061 3455; x_wconf 76' lang='lat' dir='ltr'><strong>occurrentiat</strong></span> 
     </span>
     <span class='ocr_line' id='line_1_40' title="bbox 13 3457 1061 3563; baseline -0.006 -28"><span class='ocrx_word' id='word_1_303' title='bbox 13 3457 17 3563; x_wconf 53' lang='grc' dir='ltr'>ζ</span> <span class='ocrx_word' id='word_1_304' title='bbox 102 3471 171 3535; x_wconf 86' lang='lat' dir='ltr'><strong>dies</strong></span> <span class='ocrx_word' id='word_1_305' title='bbox 191 3470 306 3534; x_wconf 86' lang='lat' dir='ltr'><strong>Octava</strong></span> <span class='ocrx_word' id='word_1_306' title='bbox 327 3473 460 3535; x_wconf 84' lang='lat' dir='ltr'><strong>excludit</strong></span> <span class='ocrx_word' id='word_1_307' title='bbox 486 3470 622 3549; x_wconf 86' lang='lat' dir='ltr'><strong>Duplicia</strong></span> <span class='ocrx_word' id='word_1_308' title='bbox 650 3472 799 3535; x_wconf 88' lang='lat' dir='ltr'><strong>secundae</strong></span> <span class='ocrx_word' id='word_1_309' title='bbox 825 3471 933 3535; x_wconf 89' lang='lat' dir='ltr'><strong>Classis</strong></span> <span class='ocrx_word' id='word_1_310' title='bbox 956 3487 1061 3533; x_wconf 88' lang='lat' dir='ltr'><strong>oecur-</strong></span> 
     </span>
     <span class='ocr_line' id='line_1_41' title="bbox 12 3552 1061 3634; baseline -0.004 -19"><span class='ocrx_word' id='word_1_311' title='bbox 12 3615 15 3633; x_wconf 53' lang='lat'><strong>,</strong></span> <span class='ocrx_word' id='word_1_312' title='bbox 103 3555 229 3624; x_wconf 87' lang='lat' dir='ltr'><strong>rentia,</strong></span> <span class='ocrx_word' id='word_1_313' title='bbox 264 3573 322 3632; x_wconf 91' lang='lat' dir='ltr'><strong>non</strong></span> <span class='ocrx_word' id='word_1_314' title='bbox 349 3561 451 3617; x_wconf 88' lang='lat' dir='ltr'><strong>autem</strong></span> <span class='ocrx_word' id='word_1_315' title='bbox 475 3552 613 3631; x_wconf 87' lang='lat' dir='ltr'><strong>Duplicia</strong></span> <span class='ocrx_word' id='word_1_316' title='bbox 635 3555 751 3629; x_wconf 91' lang='lat' dir='ltr'><strong>primae</strong></span> <span class='ocrx_word' id='word_1_317' title='bbox 772 3555 882 3618; x_wconf 87' lang='lat' dir='ltr'><strong>Classis</strong></span> <span class='ocrx_word' id='word_1_318' title='bbox 910 3573 988 3634; x_wconf 86' lang='lat' dir='ltr'><strong>quae</strong></span> <span class='ocrx_word' id='word_1_319' title='bbox 1011 3570 1061 3611; x_wconf 91' lang='lat' dir='ltr'><strong>oc·</strong></span> 
     </span>
    </p>
   </div>
   <div class='ocr_carea' id='block_1_18' title="bbox 104 3634 1104 3767">
    <p class='ocr_par' dir='ltr' id='par_1_18' title="bbox 13 3634 1104 3767">
     <span class='ocr_line' id='line_1_42' title="bbox 104 3634 1104 3717; baseline 0.001 -20.917"><span class='ocrx_word' id='word_1_320' title='bbox 104 3641 246 3699; x_wconf 85' lang='lat' dir='ltr'><strong>currunt.</strong></span> <span class='ocrx_word' id='word_1_321' title='bbox 270 3636 416 3711; x_wconf 79' lang='lat' dir='ltr'><strong>Quartam</strong></span> <span class='ocrx_word' id='word_1_322' title='bbox 438 3637 566 3702; x_wconf 86' lang='lat' dir='ltr'><strong>classem</strong></span> <span class='ocrx_word' id='word_1_323' title='bbox 586 3634 719 3698; x_wconf 89' lang='lat' dir='ltr'><strong>coullant</strong></span> <span class='ocrx_word' id='word_1_324' title='bbox 739 3636 871 3702; x_wconf 85' lang='lat' dir='ltr'><strong>Octavaa</strong></span> <span class='ocrx_word' id='word_1_325' title='bbox 894 3657 952 3700; x_wconf 90' lang='lat' dir='ltr'><strong>non</strong></span> <span class='ocrx_word' id='word_1_326' title='bbox 967 3636 1061 3717; x_wconf 85' lang='lat' dir='ltr'><strong>privi·</strong></span> <span class='ocrx_word' id='word_1_327' title='bbox 1102 3694 1104 3697; x_wconf 84' lang='lat'><strong>.</strong></span> 
     </span>
     <span class='ocr_line' id='line_1_43' title="bbox 876 3736 891 3767; baseline 0.067 -1"><span class='ocrx_word' id='word_1_328' title='bbox 876 3736 891 3767; x_wconf 51' lang='grc' dir='ltr'><strong><em>δ</em></strong></span> 
     </span>
    </p>
   </div>
   <div class='ocr_carea' id='block_1_19' title="bbox 0 0 1300 4042">
    <p class='ocr_par' dir='ltr' id='par_1_19' title="bbox 0 0 1300 4042">
     <span class='ocr_line' id='line_1_44' title="bbox 0 0 1300 4042; baseline 0 0"><span class='ocrx_word' id='word_1_329' title='bbox 0 0 1300 4042; x_wconf 95' lang='lat' dir='ltr'><strong> </strong></span> 
     </span>
    </p>
   </div>
  </div>
 </body>
</html>
