2567 4042
472 184 531 246 ·sp
554 151 697 244 atteass

106 303 214 382 plures.
231 304 427 365 nihilominus
448 303 623 366 Sacerdotes
646 304 739 366 inisse
771 306 843 366 olim
871 305 901 363 in
923 301 1058 366 Ecclesia

105 387 211 447 Latina
233 387 393 453 adhibitas,
416 405 452 448 ex
475 388 611 464 pluribus
632 388 760 464 antiquis
780 386 950 446 Ritualibus
972 388 1057 449 colli·
1089 409 1106 428 ·

106 470 150 548 git
171 467 341 536 Menardus,
358 474 426 528 nota
448 467 572 528 eos-act
596 466 876 530 Sacramentarium
899 465 930 526 S.
952 465 1059 548 Crepe-

105 551 168 620 rc‘r',·
190 551 378 627 quibus'alia
399 550 537 630 ejusdem
554 552 682 630 generis,
708 552 867 628 praecipue
888 549 1058 612 Cadurcen·

105 651 160 699 se,
184 633 376 703 Rutenense,
401 639 431 692 et
452 631 637 700 Tutelense,
661 631 898 694 addit'Martene
927 631 961 691 dc
983 634 1059 693 anti·

107 715 174 794 quie
196 711 341 775 Ecclesiae
364 713 481 775 ueritus
502 714 568 775 Lib.
587 713 600 775 l
622 715 732 792 Cap'l
753 722 810 776 art.
828 712 848 773 3
869 711 889 776 b
910 713 939 774 3.
964 713 1058 774 Recte

105 802 208 856 tamen
230 797 370 858 observat
391 796 541 858 Laudatus
557 797 705 867 Marteue,
720 797 772 856 cit.
789 799 847 858 art.
865 795 962 868 355,
981 795 1058 856 hanc

106 879 202 957 ipsam
225 877 377 939 Ecclesiae
394 877 518 940 Latinae
540 881 786 941 consuetudinem
807 896 867 939 non
894 877 986 939 luisse
1007 876 1060 936 lir-

106 975 215 1030 mam,
240 965 423 1021 constantem
446 968 536 1038 atque
551 962 763 1032 universalem,
788 977 859 1021 cunr
881 978 918 1020 ex
933 959 998 1020 aliis
1011 965 1057 1019 at·

105 1059 165 1120 que
180 1043 309 1119 antiquis
324 1044 536 1112 monumentis,
559 1045 596 1104 ab
613 1046 718 1105 eodem
734 1043 905 1122 productis,
930 1049 1055 1112 constet,
1122 1048 1124 1053 '

106 1125 228 1202 saepius
256 1123 391 1185 infirmos
418 1120 455 1184 ab
478 1126 565 1186 unico
587 1127 748 1188 Sacerdote
776 1127 921 1185 inunctos.
947 1124 987 1184 At
1006 1140 1058 1183 ve-

108 1225 154 1275 ro,
177 1208 232 1268 etsi
254 1207 379 1283 quilibet
401 1205 544 1267 Sacerdos
567 1210 660 1287 possit
682 1209 765 1268 illam
787 1206 885 1266 valide
906 1207 1055 1276 conferre,

107 1289 190 1348 solus
213 1294 312 1348 tamen
329 1288 482 1350 Parochus
498 1294 543 1348 est
565 1291 736 1351 ordinarius
750 1287 886 1367 ejusdem
908 1289 1056 1356 minister,

106 1387 162 1430 nec
185 1371 237 1431 ulli
260 1370 304 1431 ias
320 1375 375 1436 est,
400 1377 484 1431 extra
506 1374 691 1432 necessitatis
712 1378 867 1437 eventum,
890 1372 953 1430 sine
973 1369 1058 1447 ejus·

105 1452 176 1512 dem
197 1453 325 1514 Paroebi
349 1452 479 1521 licentia,
505 1469 588 1513 sacro
604 1455 670 1516 oleo
693 1459 881 1530 aegrotantes
896 1453 1056 1528 inungere.

105 1533 191 1607 Quae
213 1541 314 1596 antem
331 1535 460 1595 diximus
483 1536 518 1594 de
530 1533 673 1596 Extrema
688 1534 843 1599 Unctione.
870 1551 921 1609 per
935 1537 1056 1594 unicum

105 1615 297 1679 Sacerdotem
312 1617 556 1687 administranda,
582 1618 681 1679 locum
698 1624 813 1679 tantum
830 1617 941 1677 habent
956 1619 984 1676 in
1001 1613 1060 1674 Ec-

106 1697 197 1758 clesia
219 1697 336 1764 Latina,
361 1718 416 1758 non
438 1717 513 1759 vero
535 1700 564 1756 in
586 1697 713 1774 Graeca,
737 1703 766 1760 in
788 1718 844 1777 qna
868 1699 989 1776 antiqua
1010 1714 1060 1758 re·

107 1779 219 1840 tinetnr
241 1781 563 1858 consuetudoseptem
578 1783 738 1844 adhibendi
760 1782 935 1843 Sacerdotes
957 1783 986 1840 in
1007 1779 1060 1840 hu·

104 1859 190 1938 jusee
212 1861 599 1931 Sacramenti'collatione,
629 1867 672 1925 uti
695 1865 803 1943 legitur
830 1866 859 1924 in
881 1861 1059 1924 eorumdem

106 1941 306 2020 Euehologio.
317 1945 402 2018 Quod
425 1945 449 2002 si
472 1949 586 2024 septem
611 1952 731 2024 praesto
753 1965 808 2006 non
830 1947 898 2010 sint.
922 1948 983 2003 tres
1004 1945 1060 2006 sal·
1100 1978 1108 1992 ·

108 2031 170 2086 tem
193 2026 228 2085 ad
251 2026 476 2087 Sacramentum
499 2026 717 2089 conficiendum
743 2029 780 2087 ab
803 2028 874 2104 ipsis
896 2026 1057 2095 adhiberi,

107 2109 151 2170 uti
175 2107 337 2178 Arandins,
362 2114 392 2169 et
406 2109 682 2171 Thessalonicensis
703 2115 865 2170 enarrant:
890 2125 987 2184 neque
1001 2105 1060 2167 Ec-

106 2189 198 2252 clesia
213 2189 318 2251 Latina
339 2191 416 2250 hanc
430 2189 615 2253 Graecorum
631 2191 829 2270 disciplinam.
854 2205 986 2266 unquam
1002 2191 1059 2248 im-

107 2272 258 2351 probavit,
284 2274 372 2333 modo
387 2271 492 2334 Graeci
524 2275 678 2334 nobiscum
702 2275 823 2334 credant
847 2278 878 2332 et
899 2271 1056 2340 fateantur,

106 2354 204 2415 valide
220 2373 306 2432 posse
329 2356 407 2416 idem
424 2353 650 2417 Sacramentum
674 2357 712 2416 ab
727 2357 814 2416 unico
828 2354 989 2416 Sacerdote
1009 2353 1059 2413 ad·

106 2435 280 2497 ministrari.

149 2517 206 2578 lX.
223 2518 280 2578 Sed
297 2519 347 2584 his¹
358 2517 476 2579 tandem
492 2519 608 2580 abunde
624 2519 795 2597 explicatis,
818 2518 944 2578 devenio
958 2518 993 2577 ad
1011 2535 1060 2578 no·

105 2607 202 2662 strum
224 2601 342 2662 Rituale
366 2602 415 2660 ubi
438 2602 585 2672 edicitur,
617 2607 650 2661 nt
671 2601 844 2668 Parochus,
868 2601 892 2659 si
916 2600 1058 2660 nimirum
1123 2612 1125 2615 “

107 2685 138 2744 id
167 2684 323 2743 commode
349 2681 414 2743 fieri
445 2688 552 2759 potest,
576 2682 838 2744 administraturus
865 2698 980 2741 sacram
996 2679 1057 2742 Uu-

106 2765 253 2834 etionem,
276 2771 379 2834 utatur
398 2764 502 2824 saltem
524 2763 591 2824 ano
609 2765 748 2834 Clericn,
774 2766 826 2844 qui
849 2763 975 2826 Crucem
996 2767 1058 2823 sinc

104 2848 212 2916 basta,
237 2843 355 2926 Aquom
379 2844 559 2906 benedictam
581 2865 647 2904 cum
669 2842 862 2924 Aspersorio,
887 2854 915 2904 ct
939 2843 1058 2904 Librum

107 2926 262 2999 Ritaalem
283 2928 406 3005 deserat.
420 2926 502 2987 idem
519 2927 603 3005 plane
619 2929 743 2988 mandat
764 2927 795 2987 S.
812 2925 937 2987 Carolus
960 2927 988 2984 in
1011 2925 1058 2986 ln·

106 3011 322 3073 structionibns
345 3009 379 3068 dc
404 3008 594 3070 Sacramenta
616 3007 779 3070 Eatrcmac
804 3006 965 3069 Uoccionis.
982 3009 1057 3069 Esse

108 3095 265 3170 antiquum
281 3095 383 3160 ritum,
407 3096 438 3151 ut
463 3092 544 3153 Crux
567 3092 603 3152 ad
620 3091 821 3168 inungendum
835 3098 990 3168 aegrotum
1006 3091 1058 3152 de·

105 3175 259 3246 terretur,
284 3192 321 3234 ex
343 3175 434 3233 variis
455 3172 626 3234 Ritnalibus
649 3177 789 3242 onustat,
820 3173 848 3232 in
869 3172 976 3249 quibus
997 3190 1058 3232 non

106 3257 196 3317 modo
219 3276 254 3318 ea
270 3256 373 3317 Crucis
396 3256 505 3316 delatio
521 3255 751 3332 praescribitur,
776 3256 1003 3316 verumetiam
1025 3259 1071 3314 ut·

109 3339 171 3416 ipsa
192 3337 272 3400 Crux
289 3357 347 3398 nna
363 3355 432 3397 cum
448 3355 534 3398 sacro
549 3335 706 3416 Evangelii
717 3333 825 3397 Codice
846 3341 915 3396 ante
939 3333 1059 3396 Unctio-

109 3437 179 3478 nem
194 3419 391 3482 deosculanda
407 3419 526 3480 infirmo
541 3419 739 3497 praebeatur,
756 3436 791 3479 ac
807 3424 875 3494 post
887 3418 1058 3479 unctionem

109 3517 212 3561 eoram
234 3495 272 3562 eo
286 3503 484 3580 relinquatur.
509 3497 582 3562 Esse
599 3507 755 3579 praeterea
777 3501 933 3578 antiquum
955 3499 1057 3569 ritum,

109 3589 143 3645 nt
163 3599 240 3661 aqua
252 3584 407 3644 benedicta
428 3583 464 3642 ad
481 3584 577 3660 ipsum
600 3589 756 3662 aegrotum
771 3582 974 3662 inungendum
990 3601 1058 3662 por-
