2567 4042
511 177 570 238 ἢ)
590 165 630 230 85
652 176 712 237 dtr·

136 309 153 352 a
177 293 273 354 tribus
290 295 378 356 simul
403 299 589 375 congregatis
604 297 761 376 Episcopis
780 297 852 357 terri
869 302 980 376 posset:
996 314 1087 373 qrrern

138 391 286 437 canonem
307 379 462 440 renovavit
492 375 658 440 Concilium
680 378 924 456 Carthaginiense
946 377 990 441 lil
1018 379 1087 438 anni

136 455 198 516 397
220 475 286 518 can.
304 458 336 520 8.
361 457 514 521 statutum
537 481 554 522 a
569 464 676 539 priscis
692 463 853 537 canonibus
868 459 1086 538 Episcoporum

134 557 309 610 numerum,
333 542 370 602 ad
392 543 546 605 verbalem
561 545 804 622 degradationem
818 540 1005 604 Clericorum
1022 559 1085 602 ma·

135 619 238 698 jorum
262 621 422 692 ordinum,
446 627 639 705 praescripsit
661 627 752 688 etiam
774 623 946 686 Bonilacius
959 622 1032 684 Vlll
1050 625 1085 685 in

135 705 188 763 cit.
212 701 284 783 Cap.
310 704 520 783 Depradotio;
550 709 708 786 solumque
736 707 896 784 permisit,
926 712 960 767 ut
980 703 1086 766 Clerici

134 781 287 846 Minorum
310 786 458 848 urunum
481 796 602 866 possent
624 790 686 851 sola
709 789 824 868 proprii
844 786 988 866 'Episcopi
1019 805 1087 848 sen·

135 868 229 930 tentia
252 870 453 932 exauctorari.
478 870 564 933 luxta
586 871 751 934 Concilium
766 870 973 933 Tridentinum
997 869 1086 931 hodie

134 951 307 1012 criminales
333 970 440 1015 causac
463 951 678 1032 Episcoporum
710 954 749 1014 ab
775 971 835 1013 uno
857 951 982 1014 Summo
1008 950 1086 1012 Pon·

134 1029 216 1094 tihce
239 1035 405 1100 noscendae
427 1033 634 1112 finiendaeque
656 1040 736 1097 sunt.
758 1033 878 1111 Reliqui
901 1039 1002 1096 autem
1022 1031 1087 1095 Cle

135 1114 190 1174 rici
217 1114 255 1175 de
277 1117 372 1194 gradu
404 1115 587 1196 dejiciuntur
608 1120 645 1179 ab
667 1116 840 1195 Episcopo,
867 1117 904 1176 ad
926 1115 1085 1176 consilium

134 1196 263 1268 accitis,
287 1196 506 1278 Episcoporum
531 1199 621 1272 loco’‚
653 1194 776 1260 totidem
800 1197 965 1259 Abbatibus
996 1210 1086 1260 usum

133 1279 244 1340 mitrae
276 1285 367 1356 atque
392 1281 490 1344 baculi
513 1281 718 1350 habentibus,
750 1281 814 1340 sive
835 1279 901 1340 aliis
929 1281 958 1339 in
980 1277 1086 1343 Eccle-

134 1361 255 1422 siastica
277 1362 419 1438 dignitate
442 1365 622 1430 constitutis.
646 1363 697 1440 qui
720 1367 750 1423 et
771 1364 830 1422 sint
851 1368 949 1424 aetate
964 1379 1082 1438 graves,

134 1448 165 1503 et
186 1441 269 1504 Juris
290 1445 412 1506 scientia
444 1447 708 1508 commendentur.
731 1443 862 1507 Minores
884 1441 992 1504 Clerici
1013 1442 1085 1520 Epi-

134 1527 219 1602 scopi
241 1529 388 1588 sententia
409 1527 621 1606 degradantur.
645 1523 804 1605 Ejusmodi
825 1543 915 1604 porro
938 1525 1001 1586 sive
1023 1525 1084 1586 Ab

134 1605 232 1676 botes,
250 1609 312 1670 sive
334 1610 405 1670 alias
422 1607 564 1689 personas
587 1612 616 1671 in
632 1607 842 1670 Ecclesiastica
858 1607 1001 1686 dignitate
1016 1625 1085 1670 con

133 1689 266 1759 stitutus,
290 1708 346 1750 non
369 1692 506 1754 adhiberi
529 1700 683 1768 tamquam
699 1708 800 1750 meros
822 1691 1016 1759 consiliarios,
1032 1690 1083 1751 sed
1196 1763 1202 1776 ι

134 1787 201 1832 esse
223 1771 339 1851 judices
361 1791 543 1846 assessores,
560 1774 672 1851 quibus
687 1773 830 1850 competit
843 1773 1020 1849 suffragium
1035 1772 1084 1833 de·

133 1854 408 1926 cisionum,·recte
430 1857 540 1918 docent
562 1857 685 1920 Suarcz,
711 1853 745 1912 dc
770 1854 911 1916 Censoris
932 1854 1017 1931 Disp.
1041 1853 1085 1916 50
1121 1864 1126 1872 '

84 2001 91 2018 ,
133 1945 205 1996 sect.
231 1937 259 1995 in
283 1955 366 2002 num.
390 1937 422 2009 23
446 1944 477 1999 et
497 1940 639 2007 Rarhosa,
657 1938 687 1995 in
703 1953 775 1997 sess.
795 1935 834 1996 13
855 1953 922 2016 cap.
941 1933 959 1994 h
981 1934 1017 1995 de
1030 1933 1085 1997 rn-

132 2016 315 2094 sormutione
341 2018 471 2084 concilii
496 2018 674 2082 Tridentini.
809 2032 812 2038 ·

174 2097 230 2160 ΙΙΙ.
255 2099 319 2162 Non
341 2102 379 2161 ob
401 2102 554 2179 quodlibet
574 2103 702 2166 crimen,
726 2098 774 2159 cui
797 2103 843 2160 est
864 2117 882 2158 a
903 2100 1019 2177 legibus
1039 2099 1084 2159 in·

133 2178 212 2242 llicta
236 2200 331 2258 poena
353 2183 450 2244 ultimi
467 2185 615 2262 supplicii,
633 2185 733 2261 potest
746 2179 882 2242 Clericus
905 2183 1084 2242 exauctora-

133 2263 159 2322 ri
183 2270 215 2323 et
235 2265 383 2326 saeculari
406 2265 470 2327 loro
486 2267 613 2345 subjici3
629 2265 682 2324 sed
697 2263 786 2323 debet
808 2281 874 2324 esse
889 2264 1015 2332 crimen,
1033 2263 1082 2323 cui

133 2363 150 2405 a
172 2341 253 2406 Jure.
268 2349 421 2408 communi
436 2349 658 2412 Ecclesiastico,
675 2349 729 2406 aut
750 2343 945 2406 aPontifieiis
961 2345 1084 2405 sanctio·

131 2426 221 2489 nibus
242 2429 281 2490 sit
301 2447 444 2506 expresse
466 2437 496 2491 et
518 2430 696 2491 nominatim
717 2445 834 2488 annexa
864 2423 1084 2506 degradationis

127 2525 239 2586 poena.
257 2507 416 2590 Ejusmodi
438 2522 540 2574 autem
563 2511 689 2572 crimina
704 2516 784 2570 sunt:
807 2509 920 2578 Primo,
937 2510 1082 2574 haeresis,

132 2597 165 2650 et
186 2592 283 2654 multo
305 2594 400 2673 magis
421 2596 570 2673 apostasia
593 2613 611 2654 a
631 2591 718 2660 Fide,
741 2593 848 2653 saltem
873 2610 943 2653 cum
966 2591 1033 2667 quis
1053 2591 1084 2649 in

131 2673 216 2734 illam
239 2676 393 2756 relapsus,
416 2682 468 2737 aut
491 2677 519 2735 in
541 2694 576 2738 ea
599 2675 737 2756 pertinax
757 2679 819 2741 est,
841 2673 914 2750 Cap.
940 2671 988 2734 ,lo
1010 2671 1084 2734 Abo-

132 2754 267 2825 tendam,
290 2755 361 2836 Cap.
382 2755 684 2824 Eccommunicotsts,
701 2752 774 2833 Cap.
795 2753 956 2831 wentana,
973 2754 1083 2815 Secun-

134 2836 183 2907 do,
207 2836 376 2900 falsificatio
398 2837 568 2900 litterarum
592 2838 834 2919 Apostolicarum
855 2835 927 2913 Cap.
953 2835 992 2896 ad
1012 2833 1083 2897 rar·

126 2923 296 2994 ,sariorum
321 2919 356 2980 dc
379 2920 513 2983 Crimine
533 2923 615 3002 salsi,
640 2926 672 2982 et
692 2915 765 2996 Cap.
789 2916 943 2980 Nouimus.
966 2917 1081 2987 Tertio,
1186 2953 1192 2964 ·

12 3031 14 3040 ·
132 3003 233 3080 gravis
254 3003 434 3064 contumelia
449 3003 496 3064 rel
512 3004 665 3064 calumnia
679 3001 800 3078 proprio
814 2997 962 3077 Episcopo
986 2998 1077 3067 iliata,

131 3100 188 3146 seu
210 3090 342 3146 structae
364 3075 462 3148 eidem
484 3085 616 3152 insidiae,
633 3084 707 3146 etin
723 3085 788 3144 eius
809 3095 912 3142 necem
935 3081 1082 3158 conspira-

132 3167 185 3234 tio,
199 3165 272 3228 Can.
289 3164 325 3228 Si
339 3169 416 3248 quis,
429 3166 459 3228 ll
469 3167 574 3242 Quest.
592 3166 617 3227 l.
631 3167 781 3241 Quartum
798 3165 912 3224 crimen
927 3167 984 3232 est,
1002 3162 1082 3238 quod

131 3248 250 3327 vulgari
272 3252 391 3310 nomine
413 3249 540 3312 dicimus
561 3247 772 3315 Assossininm,
789 3242 862 3324 Cap.
885 3243 911 3304 l.
936 3243 971 3303 de
989 3243 1083 3304 bomi-

132 3329 230 3402 cidio‚'
250 3331 279 3390 in
302 3329 331 3392 6.
357 3329 507 3405 Quintum¹
524 3336 569 3393 est
590 3329 751 3392 uelandum
773 3329 886 3388 crimen
909 3324 1083 3404 frequenta-

131 3419 211 3480 tum,
236 3411 294 3474 hoc
317 3418 373 3485 est,
399 3433 455 3474 non
477 3412 571 3476 semel
595 3418 710 3473 tautum
726 3410 932 3480 commissum,
957 3425 994 3468 er
1010 3407 1079 3467 Bul·

134 3495 164 3558 la
186 3493 226 3557 95
248 3493 278 3556 S.
302 3491 346 3556 Pii
369 3493 408 3554 V.
439 3493 561 3558 Sextum
585 3501 656 3562 est,
680 3491 842 3552 celebratio
864 3488 974 3551 Missae
991 3517 1003 3561 ,·
1024 3493 1079 3549 aut

133 3579 271 3658 exceptio
292 3573 491 3640 Conlessionis
514 3573 765 3646 Sacramentalis,
790 3578 905 3636 temere
926 3587 1078 3650 praesum-
