2567 4042
636 169 852 242 wbssbffitt·

268 299 441 360 iniciatam
460 301 539 360 cobis
561 318 686 361 orunerc
707 299 971 362 Sacramentoram
994 302 1122 379 carpite,
1146 299 1214 378 qood

266 381 353 441 nobis
372 383 568 459 riqnaeimos,
586 401 654 443 cam
669 383 835 462 apertionis
856 382 1032 442 celebrantes
1046 379 1213 460 qutnim

267 461 446 530 diceremus,
470 462 632 543 lipbpbete,
656 463 735 543 quod
757 472 809 532 est,
832 460 1093 540 serpentarico
1116 460 1215 541 Myste

273 545 356 605 mam
376 545 531 606 celebravit
556 546 693 609 Cbristm
714 549 750 605 in
771 544 957 623 danmatio,
980 545 1207 620 sientleqimus,

272 646 342 686 cum
363 637 479 687 mutam
500 636 624 687 curaret
647 636 674 688 ct
695 626 829 688 surdum.
853 625 892 686 Et
913 627 944 688 S.
962 624 1069 687 Petrus
1090 623 1213 704 Chryso-

266 710 357 784 :logus
374 708 519 770 Sermone
533 708 588 769 LII
612 706 693 768 Hinc
707 720 757 780 est,
780 710 834 778 ait,
859 709 937 788 qaod
958 708 1077 770 veniens
1099 725 1139 766 etc
1152 727 1212 787 qen·

259 792 360 861 libus,
376 791 564 871 impositione
586 808 703 856 manas,
721 801 747 851 ct
763 793 936 852 eaoroismis
957 800 1026 850 onte
1047 807 1067 848 a
1082 788 1213 850 damiane

268 883 430 952 perpetior,
454 883 483 932 et
504 873 699 952 aperitionem
721 873 843 932 cariam
860 873 998 954 percipit,
1014 880 1048 931 ut
1064 868 1153 930 Fidei
1173 889 1214 932 co

267 971 340 1030 pere
358 956 450 1031 possit
472 955 620 1022 anditum,
641 965 676 1014 at
692 956 785 1034 possit
808 953 848 1014 ad
870 956 1004 1022 salntem,
1023 963 1212 1034 prosequente

269 1033 409 1104 Domino,
419 1038 590 1115 pervenire.
606 1034 685 1096 Nam
707 1038 904 1114 aperitionem
919 1038 1039 1097 aurIum
1055 1037 1212 1113 percipere,

268 1121 303 1176 et
323 1119 403 1193 tangi
425 1119 519 1178 saliva
540 1119 571 1177 in
585 1135 673 1178 aures
695 1119 843 1194 praesenti
865 1119 924 1179 hoc
946 1121 975 1178 in
997 1117 1120 1194 negotio
1141 1117 1209 1178 iden

267 1206 388 1265 mosne
410 1206 445 1259 ut
463 1201 605 1260 observat
626 1198 763 1260 Martene
785 1199 853 1260 Lib.
875 1199 890 1259 I
911 1199 1049 1261 Articulo
1070 1197 1117 1258 VI
1138 1218 1210 1260 num.

267 1279 359 1340 uvi.
381 1282 473 1342 Porro
494 1282 530 1342 ad
553 1281 725 1357 exemplum
748 1279 884 1352 Christi,
907 1283 937 1341 in
958 1281 1143 1359 quibusdam
1163 1281 1210 1342 Ec-

267 1363 378 1432 clesiis,
393 1381 454 1423 una
472 1381 542 1424 cum
560 1363 867 1440 sputosdntbebatur
888 1367 979 1425 ctiam
995 1363 1105 1430 lutum,
1123 1367 1157 1422 ut
1170 1381 1210 1439 pa-

268 1449 313 1506 tet
337 1463 375 1506 ex
394 1446 527 1508 Manuali
549 1443 670 1506 loannis
691 1444 793 1506 Jacobi
814 1445 1042 1524 Archiepiseopi
1069 1445 1209 1506 Sallebur-

257 1529 380 1603 -gensis,
403 1533 434 1588 et
454 1546 493 1588 ex
514 1525 646 1588 Auctore
667 1524 846 1589 Tractatusz
869 1527 913 1586 De
928 1527 1130 1589 Sacramentt's
1145 1526 1206 1588 Lib.

269 1607 314 1668 III
334 1608 407 1686 Cap.
430 1608 453 1668 2
473 1609 520 1670 his
541 1609 666 1669 verbIs:
695 1607 823 1685 Quando
846 1608 955 1670 dedisti
980 1627 1090 1670 nomen
1111 1617 1207 1674 toan,

268 1690 340 1750 tabit
366 1691 488 1754 latam.
517 1699 544 1748 et
564 1691 646 1752 liniit
671 1707 760 1771 saper
780 1691 878 1751 oculos
900 1700 973 1754 taos.
996 1691 1084 1752 Idem
1112 1691 1207 1753 docent

268 1768 399 1852 Haqmo'
417 1771 655 1834 Albersladensis
683 1775 712 1834 in
735 1773 873 1834 Sermone
901 1773 936 1832 dc
958 1774 1123 1834 Dominica
1142 1769 1206 1832 XIII

270 1860 338 1930 post
359 1852 567 1924 Pentecosten,
591 1860 622 1915 et
641 1854 805 1915 Leidradus
821 1853 986 1934 Episcopus
1008 1853 1207 1934 Lugdunensis
1249 1899 1250 1902 ,

270 1936 301 1994 io
322 1935 491 1999 Tractatu:
515 1934 551 1994 de
572 1935 751 2016 Baptismo,
778 1936 851 2014 Cap.
875 1935 915 1997 II.
939 1936 997 1998 Sed
1024 1939 1136 1997 omisso
1162 1937 1208 1996 hos

269 2013 474 2078 Ecclesiarum
489 2019 690 2095 peculiarium
706 2020 776 2088 ritu,
792 2019 937 2096 probatur
953 2021 1048 2098 magis
1064 2021 1207 2096 magisque

267 2099 345 2160 ritus
365 2101 396 2158 in
410 2099 523 2160 Rituati
537 2098 674 2160 Romano
696 2101 894 2180 praescriptus
909 2119 947 2161 ex
960 2103 1129 2162 innumeris
1144 2118 1206 2178 pene

266 2180 436 2242 Rimalibus
456 2181 587 2258 antiquis
601 2183 859 2258 moenibusque,
884 2183 1064 2260 praesertim
1087 2201 1159 2243 vcro
1176 2199 1207 2240 ex

266 2259 359 2322 Libro
376 2263 644 2326 -sacramentorum
666 2261 775 2325 Gelasii
790 2261 898 2341 Papae,
922 2283 960 2326 ex
976 2263 1205 2326 sacramentario
1249 2291 1250 2294 ¹

267 2340 299 2402 S
315 2343 454 2423 Gregorii
473 2345 583 2423 Papae,
606 2363 645 2405 ex
666 2347 872 2424 manuscripto
894 2347 996 2409 codice
1012 2346 1205 2408 Bibliothecae

266 2422 465 2495 colbertinae,
487 2432 519 2487 et
538 2445 577 2487 ex
597 2427 664 2488 aliis
685 2428 786 2490 multis
800 2428 981 2500 RItualibus‚
1005 2433 1097 2504 atque
1118 2427 1207 2488 Ponti

267 2505 406 2569 finalibus
427 2509 580 2569 codicibus
601 2509 680 2587 apud
703 2510 839 2571 Martene
859 2509 996 2572 Articulo
1010 2509 1130 2572 xxul.
1147 2507 1203 2585 uy-

266 2588 359 2651 sticae
379 2591 535 2667 utriusque
556 2591 633 2652 ribus
655 2592 883 2669 significationes
893 2633 911 2672 ‚,
924 2612 978 2654 cur
999 2609 1108 2671 nempe
1129 2607 1203 2652 aures

266 2687 416 2748 naresque
438 2672 606 2748 baptizandi
633 2671 729 2736 saliva
751 2673 920 2736 Sacerdotis
946 2681 1035 2752 tanga
1057 2679 1133 2746 tur,
1160 2687 1201 2732 va·

267 2753 366 2813 riae-a
379 2751 580 2832 scriptoribus
601 2753 784 2826 afferuntur,
799 2757 878 2818 lntcr
893 2694 1120 2835 quosuaffanus
1130 2757 1203 2818 Mau-

266 2851 321 2895 rus
341 2834 438 2895 dicit:
461 2834 561 2896 Salina
582 2836 751 2898 Sacerdotis
776 2846 807 2900 et
829 2844 910 2900 motu
932 2837 1095 2916 significari
1122 2839 1202 2898 virtu·

265 2920 328 2976 tem
354 2916 487 2978 divinam
506 2935 563 2998 per
586 2920 772 2997 Baptismum
795 2921 926 2998 operari,
944 2925 978 2981 ut
996 2919 1202 2983 Catechumeoo

266 3016 355 3062 nares
369 3000 547 3077 ,aperiantur
568 3001 607 3062 ad
626 3001 832 3080 accipiendum
854 3003 978 3064 odorem
1000 3005 1122 3064 notitiae
1136 2999 1198 3059 Ilei:

266 3098 357 3141 aures
377 3081 415 3141 ad
436 3082 619 3144 audiendum
641 3083 781 3146 mandata
802 3083 868 3146 Dei.
886 3084 1022 3163 Longum
1043 3091 1121 3146 esset
1138 3081 1199 3142 alias

266 3163 407 3240 mysticas
422 3151 523 3242 ,huju‘s
543 3165 742 3242 antiquissimi
764 3167 890 3227 instituti
905 3184 1022 3238 causas,
1040 3171 1071 3228 et
1084 3167 1198 3227 ratiooes

264 3243 389 3313 aberro,
404 3263 478 3323 quas
491 3245 595 3308 sidere
611 3245 686 3307 linat.
703 3247 781 3326 apud
793 3246 965 3317 Alcuinum,
977 3247 1194 3325 'Ilieodulpbum

266 3323 540 3399 aurelianensem,
563 3327 724 3406 Hugonem
745 3330 956 3400 Victorinum,
979 3331 1149 3393 Durandum
1172 3327 1196 3384 tl

258 3405 341 3468 ,alios
363 3407 474 3484 plures,
496 3410 548 3487 qui
569 3409 607 3472 de
619 3412 713 3472 saeris
727 3411 882 3474 Ecclesiae
892 3411 1010 3474 bilibus
1033 3411 1190 3474 tractarunt.

304 3485 373 3548 vu.
396 3487 496 3561 Quam
510 3492 650 3570 antiquus
671 3495 709 3555 sit
729 3494 999 3556 abrenunciatlonIs
1014 3495 1043 3554 ln
1058 3491 1191 3572 uapdsno
1249 3541 1250 3544 ,

266 3568 365 3641 ritus,
395 3570 502 3632 docent
522 3591 576 3635 nos
596 3571 752 3638 Ecclesiae
773 3572 877 3638 Patres
903 3581 935 3638 at
961 3574 1096 3639 Ilituales
1115 3568 1191 3635 Libri.
