2567 4042
613 208 838 281 *rteblliidffl‘

241 339 293 402 ubi
319 341 356 401 de
377 339 448 419 ipsis
462 337 616 417 Apostolis
638 340 759 408 dicitur,
776 339 854 417 quod
869 336 1023 417 ungebant
1050 336 1116 398 oleo
1131 334 1208 395 met-

242 434 285 485 tor
309 420 437 501 uepres,
462 431 490 482 et
511 421 670 482 meabant.
693 420 759 481 Non
781 421 938 500 loquimur
969 419 1000 479 in
1022 416 1209 497 praesentia·

243 522 315 566 rum
343 506 381 564 de
403 503 494 573 Oleo,
518 503 596 580 quod
618 509 665 565 est
686 505 810 565 materia
840 502 1107 563 Sacramento'rum
1128 499 1209 561 Con·

243 584 423 647 firmationis
452 591 483 647 et
504 582 668 647 Extremae
696 584 858 661 Unctiopis
875 591 906 644 et
927 584 1052 645 solemni
1074 585 1134 645 ritu
1155 580 1209 641 be·

243 669 342 730 nedici
364 668 442 728 solet
471 667 510 727 ab
529 667 872 746 Episcopis·quotannis
894 664 982 731 Feria
1004 663 1083 727 Vin
1106 660 1210 724 Coena

243 750 378 820 Domini3
401 750 454 810 sed
476 749 513 809 de
535 747 610 809 Oieo
637 751 765 826 simplici
788 747 1053 825 Olirarum‚'quod
1075 744 1206 823 simplici
1267 772 1268 793 r

243 833 306 894 ritu
329 834 359 891 in
381 836 510 909 utraque
531 828 672 892 Ecclesia
695 831 843 893 Orientali
865 836 895 891 et
916 829 1098 893 Occidentali
1119 826 1207 887 aSa·

245 912 421 975 cerdotibus
451 913 588 974 benedici
624 914 746 974 solitum
783 914 839 973 luit
871 914 908 973 ad
939 912 1087 973 curandos
1118 906 1210 969 infir·

245 1012 322 1057 mes.
347 992 414 1055 Hoc
435 1013 507 1073 ergo
530 996 662 1073 simplex
676 994 787 1057 Oleum
808 993 942 1063 Ecclesia
964 994 1118 1056 aCbristo
1133 991 1206 1053 edo·

246 1084 295 1138 cta
318 1094 335 1136 a
357 1076 784 1155 temporibus'bpostolorum
808 1076 983 1138 benedicere
1011 1075 1097 1136 solita
1118 1072 1206 1142 suit,

246 1165 282 1221 ut
301 1161 386 1237 patet
406 1176 444 1218 ex
465 1157 582 1220 Rituali
605 1158 819 1230 Graecorum,
848 1166 880 1221 et
900 1157 1071 1219 Ritualibus
1097 1155 1208 1234 priscis

248 1259 344 1319 aeque
375 1258 410 1301 ac
431 1240 654 1303 recentioribus
669 1240 791 1309 Latinis,
810 1242 839 1301 in
855 1240 965 1318 quibus
985 1238 1088 1300 variae
1103 1241 1209 1297 extant
1268 1242 1269 1253 ¹

247 1324 397 1384 orationes
424 1323 460 1382 ad
482 1322 640 1402 ungendos
672 1323 729 1382 boc
752 1324 879 1401 simplici
900 1322 995 1402 oleo,
1018 1322 1075 1381 rite
1103 1324 1209 1379 tamen
1268 1324 1269 1337 ³

247 1404 421 1477 benedicto,
446 1406 559 1466 morbis
582 1404 717 1465 allectos.
742 1403 878 1482 Apostoli
900 1406 1053 1483 ungebant
1072 1402 1142 1461 oleo
1159 1418 1208 1461 ae·

249 1504 318 1567 gros
340 1505 393 1565 per
415 1486 539 1547 modum
575 1486 779 1562 opitulationis
801 1488 993 1565 corporalis,
1018 1500 1076 1544 non
1105 1487 1207 1543 tamen

247 1588 302 1649 per
315 1568 437 1629 modum
460 1570 583 1629 virtutis
597 1566 839 1641 Sacramentalis,
858 1584 935 1646 quae
956 1586 1010 1646 per
1031 1564 1207 1628 Sacramen

248 1658 315 1712 tum
341 1649 505 1711 Extremae
537 1648 692 1710 Unctionis
724 1651 910 1720 adhibetur,
940 1652 989 1710 cui
1023 1665 1141 1709 annexa
1164 1653 1209 1708 est

249 1733 347 1811 gratia
375 1732 567 1807 spiritualis;
592 1750 661 1791 nam
689 1734 731 1793 ait
752 1733 915 1809 Apostolus
936 1729 1066 1792 lacobus
1098 1730 1129 1788 in
1154 1746 1208 1790 sua
1269 1764 1270 1803 r

249 1898 285 1957 io
300 1894 433 1972 peccatis
455 1898 506 1962 sit,
525 1897 717 1955 remitteretur
741 1897 778 1955 er'.
795 1894 880 1968 Quod
899 1897 1022 1956 minime
1044 1893 1137 1954 fiebat
1153 1908 1208 1971 per

249 1976 424 2038 unctionem
449 1978 541 2046 illam,
559 1994 652 2053 quam
674 1983 893 2039 commemorat
905 1977 939 2038 S.
957 1976 1092 2046 Marcum
1110 1975 1207 2055 hujus

254 2058 335 2120 enim
350 2058 476 2120 ellectus
499 2059 579 2119 circa
601 2074 728 2137 corpora
751 2063 868 2120 tantum
891 2059 1082 2132 versabatur,
1100 2075 1208 2133 quarn·

250 2141 357 2202 obrem
379 2141 476 2202 de'ea
503 2142 660 2202 dumtaxat
681 2141 746 2201 ait:
773 2138 814 2201 Et
835 2142 986 2221 repebant
1009 2142 1071 2201 eleo
1097 2140 1233 2200 multet*

118 1844 123 1851 ·
248 1812 401 1891 Epistola:
427 1812 467 1874 Et
489 1816 587 1873 oratio
609 1811 695 1872 Fidei
715 1815 842 1875 sulcabit
862 1814 1018 1895 infirmum
1042 1824 1095 1873 ete.
1119 1808 1209 1880 Etsi
1269 1818 1270 1827 ’

251 2240 368 2302 uepres,
393 2230 421 2281 ct
441 2224 601 2283 sanabunt.
624 2221 693 2295 Quo
716 2222 856 2300 exemplo
877 2241 952 2284 usus
975 2222 1102 2282 invaluit
1123 2220 1206 2299 apud
1270 2266 1271 2293 ,

250 2304 393 2373 Sanctus,
418 2305 471 2381 qui
493 2304 570 2364 dono
592 2305 782 2370 curationum
805 2305 905 2365 divino
928 2322 1054 2366 munere
1075 2303 1207 2381 praediti
1270 2300 1271 2333 ³

252 2390 364 2453 crant,
388 2388 444 2457 ut,
469 2404 505 2444 ne
528 2385 584 2446 sibi
607 2386 766 2452 sani-tatem
799 2386 902 2447 solatia
935 2387 1126 2455 tribuerent,
1157 2384 1208 2445 sed
1251 2444 1259 2460 ,

251 2464 380 2527 Divinae
403 2468 528 2538 timisti,
554 2465 779 2535 ae'beuesroio,
804 2465 937 2527 infirmos
959 2470 1026 2529 oleo
1048 2464 1207 2530 benedicto

251 2549 442 2625 inungerent.
467 2547 523 2610 Sed
546 2554 581 2610 ut
596 2549 693 2625 aliqua
718 2567 795 2609 nunc
817 2566 854 2609 ex
868 2566 944 2626 pene
967 2550 1136 2610 innumeris
1152 2549 1207 2608 mi·

251 2628 355 2690 recula
377 2629 509 2691 reseram
526 2631 639 2691 virtute
660 2629 726 2690 Olei
742 2631 888 2691 benedicti
910 2632 1003 2692 variis
1018 2631 1207 2709 temporibus

252 2717 383 2790 patrata,
399 2710 474 2773 Oleo
494 2712 615 2791 quidem
636 2712 795 2773 benedicto
817 2714 928 2773 multos
948 2712 1069 2773 morbos
1090 2711 1207 2790 depulit

252 2792 481 2863 summanus
503 2794 671 2872 Episcopus
692 2793 876 2863 Parisicnsis,
900 2800 935 2855 ut
956 2794 1062 2856 scribit
1083 2794 1113 2852 in
1137 2794 1206 2873 eJus

252 2874 315 2935 vita
338 2872 518 2937 Fortunatus
538 2872 736 2935 Pictavorum.
753 2873 930 2954 Episcopus.
956 2875 987 2939 S.
1012 2874 1205 2939 Guthbertus

252 2954 420 3036 Episcopus
441 2950 692 3018 Lindisiarnensis
715 2956 850 3035 puellam
879 2958 985 3033 eapitis
1017 2962 1047 3018 et
1075 2956 1206 3017 laterum

254 3040 410 3101 doloribus
430 3042 597 3100 cruciatam
619 3037 685 3100 oleo
707 3038 862 3099 benedicto
885 3040 1011 3109 sanavit,
1029 3044 1063 3100 ut
1078 3044 1208 3101 testatur

253 3121 334 3183 Eeda
368 3122 397 3181 in
422 3120 492 3199 ejus
513 3122 573 3181 rita
601 3117 674 3197 Cap.
699 3118 806 3179 XXX.
836 3118 992 3182 Liberatus
1025 3123 1207 3197 praesertim

254 3221 473 3280 energumenos
495 3201 587 3272 inisse
608 3220 625 3262 a
649 3201 813 3261 daemoniis
835 3201 947 3263 virtute
969 3203 1028 3263 olei
1042 3203 1205 3275 benedieti,

255 3283 414 3362 permultis
445 3289 561 3346 constat
582 3282 754 3358 exemplis,
777 3300 854 3358 quae
881 3283 910 3343 in
932 3282 1114 3345 Sanctorum
1134 3284 1207 3346 ritis

255 3372 427 3429 occurrunt.
450 3364 657 3428 Certereiert
677 3362 827 3425 Palladius
847 3366 876 3425 in
899 3362 1031 3427 Historia
1045 3365 1203 3437 Lausiaca,

256 3446 478 3510 s.··ttrcarmm
510 3466 605 3524 puero
638 3454 843 3525 energumeno
874 3447 1051 3526 pereleum
1083 3447 1230 3510 benedi.

256 3536 338 3592 etum
361 3529 454 3589 saluti
472 3528 576 3590 luisse
709 3537 713 3545 ’
1009 3536 1011 3541 ’
1103 3548 1106 3553 ·

301 3608 377 3673 Xll.
399 3610 618 3672 benedicuntur
634 3627 692 3671 ova
714 3610 891 3689 praesertim
914 3611 945 3671 in
959 3610 1086 3683 Pascha,
1103 3617 1137 3674 ut
1149 3612 1208 3673 vir·

645 3842 655 3875 l
