2567 4042
618 231 847 322 sparum

298 361 350 423 lll.
374 359 444 423 Fuit
463 368 550 422 uetus
571 362 725 424 Ecclesiae
747 380 829 431 mos,
853 367 887 423 ut
908 367 974 440 post
995 361 1134 439 Baptismi
1154 378 1195 420 su-

257 445 440 522 sceptionem
476 447 663 504 continenter
701 443 897 506 Confirmatio
936 444 1192 505 administraretur.

257 525 350 594 Nunc,
369 532 399 586 et
414 527 443 584 in
460 528 608 604 praesenti
625 524 776 588 Ecclesiae
792 526 876 602 praxi
891 524 1115 585 Sacramentum
1129 525 1196 586 Con·

256 605 432 668 lirmatiouis
456 626 512 666 uon
537 607 606 668 licet
628 609 789 678 infantibus
811 613 880 667 ante
903 625 991 667 usum
1014 606 1135 666 rationis
1153 605 1195 663 ad»

257 688 437 749 ministrare.
462 673 512 748 De*
521 689 579 748 hac
602 707 635 748 re
652 689 785 766 loquitur
797 688 977 750 Benedictus
991 686 1061 747 XlV
1077 688 1105 746 in
1120 687 1193 747 Bulla

256 767 315 828 129
338 771 427 848 incip.
452 768 496 828 Ec
518 772 655 848 quamuis
677 773 706 830 in
728 773 827 848 primo
849 776 932 830 tomo
954 769 1089 830 Bullarii.
1113 768 1144 829 ln
1163 785 1192 828 ea

253 850 490 928 §lidecumb
515 855 593 911 nunc
616 851 761 928 temporis
783 869 840 912 non
863 850 953 911 licere
980 851 1108 927 aliquem
1128 847 1191 910 Cou-

253 929 431 992 lirmationis
453 930 649 994 Sacramento
674 935 801 1004 munire,
825 933 880 992 uisi
903 948 989 993 nsum
1012 933 1130 993 rationis
1150 930 1195 989 ha-

253 1013 331 1072 beat.
357 1011 424 1074 Hoc
447 1032 506 1074 non
527 1016 664 1075 obstante
680 1016 708 1074 iu
726 1014 825 1076 Libro:
842 1014 878 1074 de
894 1013 1013 1094 Spuodo
1028 1011 1195 1074 Dioeccrauu

255 1093 328 1170 Cap.
353 1094 384 1153 X
407 1115 437 1154 n.
462 1097 501 1157 15
523 1097 565 1156 ait
585 1097 665 1155 idem
688 1097 922 1174 sapientissimus
943 1094 1104 1162 Pontifex,
1127 1093 1193 1170 quod

254 1175 324 1234 licet
345 1193 386 1235 ex
409 1174 599 1238 Catechismo
620 1176 757 1238 Romano
785 1176 922 1238 conferre
956 1178 1012 1237 lroc
1034 1175 1196 1238 Sacrarucu-

252 1261 316 1315 tum
339 1264 408 1317 ante
430 1253 618 1335 septennium
642 1278 700 1319 non
723 1259 882 1336 expediat,
919 1266 1018 1320 tamen
1046 1278 1105 1319 non
1126 1259 1196 1318 vetut

251 1345 320 1398 ante
343 1341 401 1399 hoo
418 1345 536 1419 tempus
551 1339 689 1400 conlerre
711 1342 861 1417 exaliqua
878 1358 979 1409 causa,
1004 1347 1074 1416 puta
1096 1342 1119 1400 si
1135 1338 1196 1414 Epi-

253 1435 361 1497 scopus
377 1437 430 1498 per
447 1424 578 1482 multum
595 1425 739 1499 temporis
754 1440 915 1482 mansurus
930 1428 1009 1484 esset
1022 1427 1109 1482 extra
1121 1421 1196 1480 Dioc-

253 1505 368 1569 cesim‚
394 1502 418 1560 si
440 1506 526 1580 pueri
547 1511 648 1564 esseut
670 1507 698 1562 iu
722 1505 855 1580 periculo
878 1504 1005 1574 mortis;
1034 1504 1105 1580 quia
1124 1500 1198 1579 juxta

252 1581 360 1642 lliunru
386 1582 534 1645 Thomam
557 1588 701 1666 mojorem
716 1586 844 1662 plocium
860 1590 1096 1662 consequuntur.
1119 1583 1196 1657 Quod
1258 1621 1259 1668 3

249 1680 323 1724 reru
344 1664 526 1743 Episcopum
546 1667 771 1727 ministrantem
801 1673 937 1742 spectat,
972 1673 1052 1728 recte
1086 1665 1199 1726 mandat
1258 1673 1259 1746 l

251 1743 424 1809 Pontificale
447 1755 481 1808 ut
502 1749 540 1808 ob
564 1749 764 1809 reverentiam
789 1748 901 1809 scilicet
929 1750 1006 1808 sacri
1028 1747 1196 1808 Chrismatis

252 1829 330 1886 lauet
353 1844 470 1897 manus,
496 1836 558 1890 tum
583 1830 716 1907 deposita
733 1831 821 1892 Mitra
844 1836 924 1888 stans
938 1827 1047 1906 junctis
1069 1836 1137 1890 ante
1151 1845 1195 1906 pe·

250 1912 316 1967 ctus
338 1907 478 1969 manibus
498 1916 585 1978 oret,
611 1916 644 1970 ut
666 1910 793 1988 Spiritus
816 1909 943 1972 Sanctus
965 1913 1153 1986 superveniat
1173 1912 1195 1969 iu

250 1987 488 2050 confirmandos.
502 1991 589 2052 Ritus
604 1993 654 2052 hic
671 2009 765 2070 aeque
781 1993 922 2068 antiquus
937 2000 992 2057 est,
1003 1990 1089 2069 cujus
1105 1993 1132 2050 in
1149 2007 1196 2052 suo

249 2071 516 2134 Sacramentorum
539 2072 632 2134 Libro
655 2075 792 2135 meminit
820 2072 851 2134 S.
876 2071 1064 2150 Gregorius,
1100 2074 1141 2133 sic
1159 2075 1195 2132 in·
1257 2127 1258 2138 ,

250 2154 367 2226 quiens:
390 2149 500 2216 hocta
521 2173 615 2215 mauu
636 2173 695 2214 suc
714 2173 805 2235 super
826 2158 927 2234 capito
950 2157 1093 2224 omnium,
1117 2155 1191 2214 dicit:
1257 2147 1258 2210 l

253 2231 446 2315 Omnipotens
467 2240 643 2314 sempiterne
670 2237 755 2296 Diua.
780 2239 918 2300 Meminit
939 2241 971 2297 et
991 2235 1072 2296 Ordo
1096 2236 1195 2298 Roma·

250 2333 304 2374 uus
326 2323 356 2375 et
378 2318 492 2377 Auctor
509 2319 628 2379 nomine
650 2315 766 2378 Alouini
788 2315 833 2378 Dc
856 2319 977 2380 Diciuis
1000 2314 1108 2398 Officiis
1129 2317 1195 2396 Cap.

249 2397 292 2455 Dr
317 2397 443 2458 Suibmo
468 2399 587 2460 Soucto.
611 2397 779 2459 llleminerc
802 2401 922 2460 tandem
949 2399 1049 2459 etalii
1072 2400 1197 2478 complu·

249 2495 296 2538 res
319 2482 565 2555 pervetustissimi
584 2485 738 2540 'aocmres
756 2480 890 2556 lnquirat
911 2485 1065 2558 praeterea
1082 2479 1195 2558 Episco-

251 2575 305 2634 pus
327 2559 477 2636 sigillatim
499 2564 537 2623 de
560 2564 678 2622 nominc
700 2561 862 2641 cujuslibet
882 2561 1101 2631 confirmandi,
1126 2562 1194 2639 quod

247 2646 279 2698 ct
301 2638 414 2703 formae
436 2643 629 2720 praemittere
652 2644 737 2706 solet.
761 2644 820 2717 Qui
843 2645 919 2704 ritus
946 2652 993 2704 est
1013 2644 1093 2704 haud
1115 2644 1195 2704 dubie

249 2721 410 2783 conformis
443 2725 566 2801 pristino
588 2723 740 2786 Ecclesiae
775 2725 931 2785 instituto:
968 2726 1095 2801 legimus
1123 2726 1192 2793 enim

248 2805 277 2861 in
299 2802 539 2866 sacramentario
560 2805 659 2867 Sancti
680 2806 818 2884 Gregorii
852 2801 938 2867 et'in
960 2806 1077 2867 Ordine·
1094 2805 1193 2867 Roma·

194 2903 198 2911 ’
248 2901 310 2955 no,
336 2885 483 2948 ltia'cono's
497 2886 566 2946 olim
589 2907 719 2954 eorum,
743 2890 793 2965 qui
810 2888 1005 2948 confirmandi
1028 2896 1127 2959 erant,
1149 2905 1191 2946 no-

247 2968 328 3027 mina
350 2969 550 3044 interrogasse
565 2971 603 3028 ob
628 2987 696 3030 eam
714 2969 839 3031 tortasse
869 2969 1013 3036 rationem
1030 3015 1036 3040 ‚
1057 2971 1096 3030 ob
1112 2986 1191 3048 quam

248 3049 278 3109 S.
302 3050 426 3111 Carolus
447 3051 630 3112 Borromeus
664 3052 692 3109 iu
715 3051 959 3113 instructionibus
980 3054 1042 3112 suis
1072 3052 1189 3130 idipsum

249 3134 463 3209 praescripsit;
486 3137 519 3192 nt
540 3134 656 3194 scilicet
677 3131 816 3194 Minister
837 3133 1025 3200 adhibeatur,
1051 3135 1104 3211 qui
1124 3131 1189 3192 scir-

248 3209 335 3273 tuaa
356 3215 500 3291 corruat,
523 3214 558 3272 aa
578 3215 675 3294 usqu
697 3215 812 3292 nupta
831 3217 957 3274 nomana
978 3211 1190 3292 urcurepanpo
1255 3195 1256 3234 l

246 3293 350 3354 ordine
365 3298 474 3358 recitet
494 3314 562 3356 voce
585 3314 645 3374 quo
668 3294 836 3357 audiatur:
859 3297 934 3356 etsi
957 3295 1068 3372 aliquid
1093 3295 1188 3370 inipso

247 3378 365 3439 nomine
381 3376 427 3437 rel
445 3394 551 3453 parum
566 3375 752 3456 Christianae
768 3378 912 3454 Religioni
926 3379 1187 3438 accommodatum

246 3456 293 3514 vel
316 3459 352 3517 art
371 3460 463 3518 risum
487 3460 698 3520 concitandum
722 3475 817 3536 prope
832 3460 944 3520 iactum
962 3459 1108 3526 advertat,
1130 3456 1185 3532 plu·

246 3537 324 3598 rium
346 3539 548 3600 Conciliornm
571 3542 774 3608 auctoritate,
798 3557 832 3600 ac
855 3543 1032 3618 praesertim
1055 3535 1185 3601 Mediola-

245 3619 365 3687 uensis,
389 3619 578 3689 decernitur,
603 3621 731 3684 utillud
755 3620 921 3700 Episcopus
943 3623 1091 3684 immutet.
