2567 4042
472 212 533 275 esse
556 202 698 271 learns·

99 333 164 398 sio,
188 331 224 389 ad
248 330 409 391 Sabbatum
432 330 605 391 Sanctum
596 341 626 389 r'n
647 330 706 390 vro
690 330 766 409 „iliis
788 330 931 398 Paschae,
957 332 999 393 uti
1021 333 1067 389 vi-

99 415 179 474 dere
201 418 247 473 est
271 432 338 489 pag.
354 414 396 472 92
417 421 447 472 et
469 433 568 489 seqq,
585 414 769 474 exhibentur
792 414 959 485 Litaniae‚
953 432 981 472 in
997 416 1067 491 qui-

83 495 164 556 bus
186 496 285 555 Sancti
319 499 495 556 invocantur
521 502 552 555 ot
573 514 627 572 per
660 498 767 555 seriem
801 506 988 565 exorantur,
1021 497 1065 555 uti

103 578 198 639 etiam
222 577 311 637 bodie
334 578 378 636 lvt.
411 576 568 649 Quaedam
590 582 691 637 autem
714 584 816 639 extant
847 578 1000 645 Litaniae,
1035 580 1064 637 in

106 662 219 737 quibus
236 661 365 718 nonnulli
389 659 487 719 Sancti
513 662 700 729 invocantur,
726 661 776 740 qui
793 664 821 719 in
838 660 982 731 LitaniiS,
998 662 1064 735 qui-

106 746 167 803 bus
189 742 277 803 lrodie
301 744 395 802 utitur
417 740 562 806 Ecclesia,
587 745 643 801 non
668 740 853 802 invocantur.
879 742 910 801 ln
933 742 1066 803 Concilio

106 826 220 901 quippe
241 824 485 884 Clovesboviensi
508 824 609 883 habito
631 842 680 883 an.
696 824 757 883 'itt
774 826 927 883 decretum
951 830 1005 892 est,
1031 831 1064 884 ot

108 908 143 966 S.·
167 905 325 981 Augustini
348 904 489 981 Episcopi
511 904 732 966 cantuariensis
754 926 862 965 nornen
885 908 913 965 in
930 906 1067 967 litaniae

109 992 300 1047 cantantione
322 995 389 1065 post
410 987 440 1045 S.
465 986 601 1064 Gregorii
626 990 842 1048 invocationem
875 1008 997 1065 sempor
1026 990 1066 1047 in·

108 1077 296 1138 vocaretur,
327 1075 360 1129 ut
381 1070 509 1128 babetur
539 1070 622 1147 apud¹
642 1070 816 1130 bollandum
849 1078 920 1131 tom.
946 1070 965 1129 (i
991 1070 1063 1149 blaji

109 1170 180 1231 pag.
206 1151 277 1211 avt.
302 1150 398 1227 thue
421 1159 522 1212 cetera
545 1158 793 1227 praetereantur,
819 1155 848 1211 in
871 1154 956 1213 Bulla
990 1154 1066 1215 Leo-

109 1237 156 1294 nis
179 1234 319 1311 Papan
343 1234 513 1311 indulgetur
535 1234 690 1293 Fratribus
713 1234 890 1299 Minoribus,
916 1242 949 1295 ut
972 1236 1001 1293 in
1018 1236 1065 1295 Li-

109 1318 198 1377 taniis
213 1319 341 1377 recitare
365 1320 478 1390 possint
492 1318 612 1375 nomina
628 1313 770 1385 Danielis,
797 1317 914 1392 Angeli,
939 1316 1064 1379 Samue-

111 1400 169 1463 lis,
193 1399 323 1465 Domni,
348 1400 481 1465 Nicolai,
506 1405 536 1457 et
558 1397 700 1475 llngolini
726 1396 865 1458 Fratrum
890 1400 1062 1469 llinorum,

109 1482 164 1557 qui
186 1497 239 1556 pro
263 1480 334 1539 Fide
357 1479 527 1541 Christiana
549 1480 737 1539 aSaracenis
760 1480 879 1541 inerant
901 1482 1061 1541 interlecti.

111 1563 238 1637 lnsuper
259 1565 283 1623 si
313 1565 449 1638 antiquas
465 1561 596 1621 Litanias
617 1563 759 1621 attente
752 1564 899 1639 inspicere
922 1564 1063 1631 velimus,

114 1645 271 1719 nonnullae
294 1647 383 1704 etiam
407 1645 608 1711 invenientur,
633 1645 661 1701 in
685 1646 793 1719 quibus
816 1663 872 1705 uon
890 1648 1064 1705 invocantur

112 1713 203 1801 aliqui
225 1728 346 1791 Sancti
371 1728 422 1802 qui
445 1726 563 1785 modo
556 1744 584 1783 vn
608 1728 717 1785 nostris
740 1728 929 1787 invocantur.
953 1727 1067 1787 Omitto

111 1810 252 1885 exempla
266 1826 385 1875 eornm,
409 1809 459 1883 qni
475 1808 641 1867 devotionis
656 1814 742 1868 aestu
758 1810 872 1885 privata
888 1812 1066 1869 auctoritate

110 1891 271 1964 aliquando
294 1888 418 1967 alicujus
441 1891 522 1952 Beati
546 1899 654 1949 nomen
678 1890 707 1948 in
730 1891 853 1950 Litaniis
877 1894 1063 1957 invocarunt.

153 1970 206 2032 lV.
229 1972 314 2033 llaec
330 1970 427 2047 quoad
443 1972 581 2047 antiquas
600 1971 729 2039 litanias,
755 1978 785 2032 et
799 1975 896 2049 quoad
912 1975 1067 2048 antiquam

111 2070 217 2113 esrum
241 2055 439 2132 disciplinam.
458 2053 543 2113 Nunc
566 2059 668 2114 autem
692 2056 847 2114 transitum
872 2056 1005 2115 iaciendo
1028 2052 1088 2112 ad*

111 2138 312 2197 recentiorem
336 2137 534 2212 disciplinam,
559 2135 775 2199 Sanctus-Pius
797 2138 825 2197 V
854 2140 882 2196 in
906 2139 966 2196 suis
989 2135 1068 2213 Apo·
1115 2141 1121 2158 ⁸

112 2217 222 2277 stolicis
237 2218 358 2279 Litteris
368 2218 505 2276 Romano
521 2218 675 2278 Breviario
692 2219 831 2293 praefixis
843 2236 1068 2295 quamcumque

115 2302 317 2361 mutationem·
346 2308 377 2361 et
397 2301 577 2359 additionem
610 2300 775 2377 prohibuit.
809 2300 983 2374 Quocirca
1021 2305 1069 2359 nt·

114 2397 246 2457 cumque
269 2384 307 2443 sit
328 2381 453 2459 dejure
475 2384 618 2459 antiquo,
640 2382 767 2443 vetitum
797 2384 885 2445 hodie
908 2381 1069 2443 dicendum

113 2467 162 2521 est
183 2461 386 2530 Patriarclris,
415 2463 678 2542 Archiepiscopis,
704 2470 734 2525 ot
755 2462 911 2543 Episcopis
940 2462 1067 2540 alicujus
1149 2470 1151 2477 ’

112 2542 213 2604 Sancti
232 2564 343 2606 nomen
359 2548 471 2606 addere
486 2545 639 2605 litaniis
631 2565 661 2605 vn
678 2547 756 2609 dicto
771 2546 949 2608 Breviario'
942 2563 1067 2624 impres-

113 2627 165 2685 sis.
193 2627 379 2689 Auctoritate
400 2627 483 2687 dono
466 2628 653 2704 gregationis
668 2628 830 2689 Sacrorum
853 2629 999 2697 lilinum,
1022 2630 1066 2686 uti

113 2707 255 2770 observat
269 2711 447 2771 Benedictus
463 2699 551 2778 XlV,
567 2728 652 2787 posse
676 2714 795 2771 nomina
806 2714 984 2774 Sanctorum
1001 2709 1070 2768 addi

116 2792 146 2848 in
158 2790 293 2858 Litaniis,
318 2794 380 2852 sive
403 2809 459 2868 pro
474 2790 608 2852 Ecclesia
622 2794 796 2863 universali,
821 2797 884 2855 sive
901 2792 1071 2886 proaliquo

114 2870 249 2934 Ecclesia
271 2874 455 2950 particulari,
480 2875 531 2934 sed
554 2874 691 2934 eamdem
715 2878 927 2951 utplurimum
951 2895 968 2935 a
988 2873 1071 2937 simi-

116 2953 210 3015 libus
219 2956 457 3015 concessionibus
479 2956 668 3015 abstinuisse
694 2957 739 3017 De
754 2958 869 3017 Domno
885 2955 1072 3049 Apostolico,

114 3035 189 3095 idest
204 3036 296 3115 Papa,
314 3056 418 3097 omnes
433 3036 566 3098 Litaniae
591 3039 808 3099 meminerunt:
834 3023 969 3136 Dompus
991 3037 1072 3096 enim

108 3116 193 3176 ¹idem
215 3126 261 3179 est
282 3137 316 3179 ac
339 3121 496 3180 Dominus
521 3118 655 3181 Vacante
679 3120 778 3188 Sede,
809 3122 913 3200 petitio
937 3121 1013 3179 haee
1034 3118 1071 3179 de

114 3196 232 3259 Domno
256 3200 428 3279 Apostolico
450 3202 547 3262 omitti
570 3197 670 3263 debet.
696 3202 831 3265 Psalmus
853 3210 920 3283 post
940 3201 1072 3262 Litanias

114 3283 278 3360 antiquitus
294 3290 360 3343 erat
374 3284 471 3343 alius·
496 3285 646 3344 orationes
662 3284 732 3345 item
750 3287 816 3347 lon⁰
799 3290 962 3366 geplnres‚
979 3301 1073 3361 quam

114 3364 218 3435 bodie,
242 3364 506 3443 exltadulplvoa
489 3384 589 3443 aquo
610 3364 757 3428 indicatur
779 3386 844 3431 esse
879 3369 990 3430 ultima
1006 3384 1074 3427 ora·
1167 3394 1170 3399 ·

115 3446 180 3517 tio,
210 3464 287 3525 qnae
309 3449 382 3507 item
405 3448 538 3525 apudnos
560 3453 605 3509 est
627 3449 743 3564 ultima.

253 3707 311 3759 Vol.
331 3712 353 3761 Ι.
