2567 4042
626 184 687 246 ἢ
708 175 851 244 37000·

269 303 352 364 cium
374 303 577 374 recitabatur,
600 304 698 379 prima
720 302 859 366 Matutinl
881 322 978 382 pars,
1002 304 1097 382 prima
1118 302 1198 363 coetis

267 381 343 446 bora
358 383 583 446 decantabatur.
597 386 673 463 Aliis
688 402 761 444 vero
776 385 890 452 diebus,
903 384 1013 460 quibus
1029 386 1144 446 unicum
1155 384 1199 445 Ol·

268 466 371 528 ficium
387 471 462 534 erat,
480 468 653 527 decernitur
668 466 705 526 ad
721 467 789 543 galli
810 473 931 527 cautum
952 485 1071 544 semper
1091 484 1199 526 essere

267 550 430 610 citandum.
454 549 615 611 Affirmare
631 553 730 608 tamen
752 550 911 626 possumus
933 568 986 626 per
1000 551 1130 626 primum
1144 547 1198 626 galli

268 637 389 691 cautum
412 628 526 692 Romae
547 629 642 691 noctis
664 629 798 690 medium
820 624 1004 692 intellectam
1026 631 1125 692 luisse.

310 710 349 773 ll.
371 713 421 772 rbb
436 714 508 789 ipsis
524 711 672 787 Apostolls
686 717 840 774 sacrarum
852 713 1019 790 vigiliarum
1042 715 1123 789 origo
1142 711 1198 772 tuit.
1246 762 1247 773 ,

268 792 331 856 Nee
354 796 461 855 desunt
481 795 511 852 iu
526 795 631 856 Veteri
647 793 837 855 Testameuto
859 792 952 870 hujus
974 795 1093 872 pietatis
1113 812 1199 854 ereut-

268 878 329 954 pla.
353 876 507 936 Abrabam
530 877 566 936 de
582 882 667 936 nocte
689 893 870 954 consurgens
890 874 985 937 filium
1007 877 1201 936 immolaturus

269 959 402 1020 ascendit
420 960 449 1018 in
472 963 625 1027 montem,
650 957 742 1018 Jacob
764 966 849 1020 noctu
872 958 981 1035 scalam
1002 961 1155 1038 mysticam
1168 958 1200 1014 r'r

269 1041 341 1100 dere
363 1041 485 1109 meruit,
503 1045 533 1099 et
548 1040 677 1101 luctatus
692 1058 760 1100 cum
776 1041 891 1116 Augelo
912 1059 1006 1116 usquo
1028 1059 1131 1109 mane,
1146 1057 1202 1100 coe·

270 1122 336 1182 lesti
359 1122 564 1182 bencdictione
587 1122 719 1198 repletus
742 1128 798 1182 est.
826 1122 924 1181 Noetu
946 1124 1050 1184 eduxit
1074 1122 1202 1183 Dominus
1246 1156 1247 1193 4

269 1203 347 1264 tilios
364 1203 457 1264 lsrael
479 1204 516 1263 de
532 1203 681 1280 Aegypto.
699 1204 820 1265 Samuel
843 1203 989 1280 Propheta
1005 1213 1141 1264 oraturus
1159 1221 1204 1279 pro

270 1285 353 1364 Rege
377 1287 517 1346 clamavit
538 1286 576 1344 ad
598 1283 759 1345 Dominum
786 1292 846 1346 tola
870 1291 967 1346 nocte.
991 1285 1093 1346 luditb
1120 1285 1207 1345 exibat

270 1375 369 1436 noete,
394 1377 424 1428 et
446 1369 559 1426 orabat.
583 1364 694 1442 Regius
715 1366 866 1444 Propheta
887 1369 1006 1428 lavabat
1027 1369 1160 1446 lacrymis
1172 1366 1207 1426 le·
1246 1374 1247 1449 l

272 1451 385 1511 etulum
409 1468 495 1510 suum
511 1467 564 1524 per
580 1447 709 1523 singulas
725 1456 837 1520 noctes,
860 1451 959 1510 media
976 1458 1060 1510 uoete
1082 1449 1208 1526 surgebat
1246 1464 1247 1525 ζ

272 1533 308 1590 ad
333 1529 533 1592 confitendum
557 1530 695 1590 Domino.
721 1531 877 1592 Praeclare
899 1530 1026 1609 Cyrillus
1047 1531 1206 1610 Hierosoly·
1246 1536 1247 1615 l

271 1615 403 1673 mitauus
425 1612 579 1673 Catechesl
602 1611 669 1671 lX:
699 1611 780 1688 Quid
800 1623 884 1671 recte
905 1612 946 1670 od
966 1614 1142 1691 sapientiam
1161 1614 1207 1672 uti·
1246 1626 1247 1685 t

269 1695 359 1756 lius?
381 1713 451 1752 rtem
473 1697 507 1754 itt
529 1712 562 1751 ea
583 1713 668 1772 coepe
689 1695 723 1754 de
745 1695 806 1754 Deo
827 1695 1006 1772 eopitomus:
1033 1697 1068 1754 ire
1090 1713 1124 1753 ee
1143 1694 1208 1756 ‹liri-
1246 1696 1247 1699 ’

272 1795 382 1836 uorem
404 1777 598 1836 oraculorum
618 1777 792 1845 lectionem,
817 1787 844 1836 et
865 1778 1139 1856 contemplo-tionem
1159 1795 1208 1834 me

271 1856 417 1918 ditemur.
446 1854 646 1932 Quoudouum
667 1861 780 1938 mojori
807 1877 891 1917 meres
912 1870 1015 1918 rostro
1036 1858 1209 1918 contentiori
1246 1924 1247 1929 ἵ

267 1941 399 2020 psalmos
421 1940 522 2015 canit,
546 1948 572 1998 et
589 1957 691 2015 preces
711 1940 838 2017 fondili
860 1959 960 1999 rrorrrre
981 1938 1086 1999 noete?
1101 1938 1208 2018 Iprirurl
1246 1966 1247 2009 3

270 2017 387 2098 Aupelr',
406 2024 437 2078 ut
453 2021 595 2080 observat·
605 2018 810 2098 Hieronymus
824 2023 853 2078 iu
868 2020 941 2098 Cap.
958 2021 1001 2080 lv
1023 2022 1161 2090 Danielis,
1173 2021 1209 2080 ei·

269 2104 341 2180 pilea
362 2113 581 2178 nuncupantur
604 2101 684 2179 qood
698 2121 810 2182 semper
831 2103 968 2179 cipileut‚
992 2113 1018 2162 et
1039 2103 1080 2163 ad
1097 2103 1208 2162 Deiim·
1246 2128 1247 2135 ¹

264 2187 387 2264 perium
415 2183 477 2241 siret
492 2185 608 2262 parati.
638 2180 719 2242 Uude
742 2194 768 2243 et
788 2202 841 2241 uos
863 2185 971 2244 crebris
988 2184 1208 2264 pernoctationi-

270 2267 321 2326 bus
337 2262 519 2341 Aupelorem
539 2266 699 2324 imitamur
719 2263 823 2346 officie.
852 2263 938 2340 Quod
959 2266 985 2325 si
998 2267 1147 2326 institores
1165 2283 1208 2323 ou·

270 2345 368 2426 rifiees
390 2352 424 2406 ut
445 2345 532 2406 docet
547 2346 577 2406 S.
595 2343 753 2406 Caesarius
767 2346 900 2406 Homilia
913 2347 1207 2417 XXXllecturius

268 2427 415 2504 uipr'lout,
445 2437 592 2504 protertur
605 2431 727 2505 ‘possiet
748 2430 880 2508 eorporis
902 2431 1066 2489 necessaria
1082 2425 1208 2506 procide
1246 2418 1247 2497 l

268 2527 329 2569 re:
352 2527 404 2585 ror
425 2527 487 2567 uon
509 2509 643 2569 debemus
664 2520 732 2568 oute
755 2511 847 2570 lucem
879 2509 920 2567 ed
941 2508 1103 2570 Ecclesiam
1124 2526 1207 2586 curpe-

270 2599 556 2666 reciprocatorum
567 2591 785 2668 indulperrtiom
795 2609 964 2652 mereamur
976 2589 1127 2671 accipere?
1138 2592 1207 2652 Seur-

263 2689 336 2752 per,
360 2673 457 2746 iuquit
478 2671 681 2751 Chrysologus
696 2672 792 2734 Serm.
810 2673 928 2743 XXIV,
951 2685 977 2734 et
998 2673 1039 2733 erl
1061 2674 1158 2734 omnic
1173 2669 1207 2729 ri-
1246 2688 1247 2773 p

270 2755 360 2833 pilius
384 2771 442 2812 erse
457 2755 614 2822 salutares,
631 2754 731 2813 nullus
744 2757 879 2832 iquorot,
897 2756 969 2834 poia
982 2768 1086 2816 reuera
1097 2758 1163 2832 plus
1174 2751 1207 2812 υἱ·
1246 2780 1247 2827 3

269 2854 338 2898 uere
361 2845 413 2894 est.
439 2833 581 2896 Milesio
603 2838 709 2894 cestrie
729 2838 963 2915 supervenientes
984 2849 1144 2899 nocturnos
1161 2835 1206 2892 im·
1246 2836 1247 2907 l

262 2927 351 2995 petes
366 2926 458 2976 cauta
468 2921 693 2992 pernoctatione
703 2919 856 2997 propellit.
879 2917 981 2978 Noetu
996 2918 1146 2996 ripilerrdo
1159 2913 1205 2990 lif·
1246 2918 1247 2991 l

267 2999 330 3077 susi
351 2999 470 3058 itineris
491 2998 621 3059 incertas
642 2999 705 3058 uiue
726 3000 834 3059 intret.
864 2998 966 3060 Victor
987 3002 1076 3060 solers
1092 3019 1145 3078 per
1162 3014 1205 3054 cr·
1246 3002 1247 3083 l

267 3099 320 3140 ras
341 3082 433 3140 noetir
456 3089 554 3140 aester
576 3081 644 3140 solis
661 3085 823 3156 praevertit
849 3091 1004 3160 actumque
1025 3080 1102 3141 etiem
1122 3073 1204 3161 prori-
1246 3090 1247 3157 l

268 3161 387 3222 dectior
411 3159 535 3241 deputat
557 3162 718 3221 mansioni.
743 3159 808 3222 Hoc
823 3161 969 3241 Propheta
990 3163 1080 3223 scieris
1100 3156 1203 3222 rendit
1246 3160 1247 3199 f

266 3245 340 3311 solo,
364 3241 415 3302 red
438 3253 465 3302 et
486 3253 573 3303 rtoete
589 3253 652 3304 totu
674 3244 822 3302 clamabat
844 3243 1074 3304 edDomirrum:
1099 3242 1203 3329 Demitt
1246 3244 1247 3305 ζ

270 3325 351 3384 Deus
372 3324 476 3384 soletis
497 3343 589 3395 meae,
613 3325 648 3382 ic
670 3323 719 3383 elie
743 3326 883 3394 clamori,
908 3335 934 3384 et
954 3336 1038 3386 nocte
1059 3343 1152 3385 eorum
1169 3328 1200 3378 lb
1246 3318 1247 3399 ξ

275 3403 356 3479 Quid
374 3405 489 3483 plere?
509 3405 575 3484 Ipse
596 3403 745 3465 Dominus
763 3417 920 3484 pernoctat
941 3409 974 3465 iu
995 3409 1125 3468 oratione
1146 3401 1199 3463 Dei·
1246 3414 1247 3429 *

252 3485 514 3562 ¹'Pheopbylactus
536 3489 565 3547 lu
588 3485 663 3564 Cap.
679 3485 759 3547 XXl
779 3489 893 3552 Lucae:
911 3487 1012 3559 Nocte,
1035 3491 1085 3556 alt,
1106 3481 1196 3547 recelle-
1246 3462 1247 3541 l

268 3568 322 3632 bot
347 3565 481 3627 Christos
503 3567 543 3626 od
565 3580 712 3641 moelem,
735 3581 905 3632 urorrrtreur
926 3573 1010 3633 uobis
1032 3570 1110 3652 qood
1133 3577 1198 3645 optt-
