2567 4042
627 145 852 219 &2320ss-

260 278 360 346 nicati,
375 292 450 354 quos
473 276 551 338 idem
567 275 667 336 Sancti
681 273 784 337 Patres
807 276 899 336 variis
912 273 994 344 iocis,
1011 291 1047 334 ac
1060 277 1147 354 prisci
1161 274 1219 337 Ca·

260 377 352 420 nones
367 361 509 420 abstentos
524 365 708 436 nuncupant,
725 358 764 418 ab
780 354 988 419 Eucharistiae
1003 359 1219 419 communione

259 441 371 503 exclusi
394 447 473 502 sunt.
505 441 635 500 Arcendi
660 446 817 518 praeterea
850 457 867 498 a
894 456 979 498 sacra
1005 435 1220 500 Eucharistiae

258 520 476 584 Communione
498 527 568 583 sunt
588 539 624 582 ex
642 526 742 582 nostro
764 518 874 580 lliluali
897 518 1054 596 manifesto
1067 521 1217 599 infames,

258 615 293 664 nt
315 605 496 672 meretrices,
520 603 729 664 concrebincrii
741 645 749 677 ,
772 601 991 679 foeneratores,
1015 603 1106 680 mnpi.
1130 605 1222 663 eorti-

259 685 326 763 lepi,
351 695 377 746 et
400 687 457 746 olii
483 687 546 766 ejas
568 685 682 765 poneris
698 684 812 765 poblici
832 692 1016 763 peccatores.
1040 681 1098 744 His
1119 688 1223 745 eonci-

258 770 305 828 nit
327 765 358 827 S.
383 765 508 829 Carolus
534 767 564 826 in
587 766 839 827 instructionibus
875 765 910 823 de
937 763 1132 827 Sacramento
1153 765 1222 825 En·

257 849 427 909 cleeristioe.
445 845 537 907 Porro
554 849 662 924 publici
679 854 853 925 peccatores
873 847 949 906 Divo
963 846 1099 906 Thomae
1122 848 1141 906 ii
1160 850 1222 908 risi

145 927 149 934 '
258 936 346 994 sunt.
370 947 499 1007 quornm
522 927 631 1007 flagitia
653 932 693 989 ita
715 933 881 1004 eruperunt
903 929 932 986 in
954 930 1090 990 notitiam
1114 929 1217 1005 publi-

144 2865 155 2958 s
249 2885 289 2948 tia
317 2892 524 2964 repetentem
551 2884 641 2964 jure,
665 2885 865 2964 quodadhuc
889 2885 1030 2945 habetin
1054 2884 1202 2946 lacieEc-
1249 2882 1250 2917 l

257 1030 335 1079 caru,
360 1011 493 1072 utnulla
517 1013 630 1088 possint
651 1012 898 1088 tergiversatione
913 1011 1016 1078 celari,
1040 1008 1217 1087 cujusmodi

258 1097 326 1153 sunt
348 1094 401 1156 illi,
427 1092 478 1168 qni
502 1094 598 1171 palam
622 1093 761 1152 omuibus
782 1088 977 1152 concubinam
1001 1092 1083 1151 domi
1105 1093 1217 1163 alunt,

257 1193 290 1234 ac
313 1192 381 1234 curn
405 1175 495 1234 totius
519 1175 618 1251 populi
641 1173 780 1233 scandalo
802 1172 879 1250 apud
901 1192 934 1234 se
956 1175 1095 1234 retinent.

298 1254 337 1315 V.
363 1254 428 1314 Duo
450 1260 537 1324 sunt,
572 1273 650 1332 quae
683 1256 720 1315 de
741 1255 861 1315 occulto
884 1262 1041 1334 peccatore
1065 1254 1217 1316 Euchari-

256 1339 342 1398 stiam
366 1341 486 1415 petente
509 1338 538 1396 in
560 1337 673 1396 Ritnali
697 1340 881 1398 statuuntur.
916 1335 1054 1397 Primum
1076 1342 1142 1404 est,
1183 1345 1217 1400 nt

255 1419 400 1480 Sacerdos
421 1416 670 1478 Communiouer'n
691 1418 922 1488 administrans,
955 1419 1085 1478 occultos
1102 1437 1215 1496 pecco-

255 1509 358 1569 lores,
384 1501 411 1560 si
431 1501 540 1562 oconlte
560 1509 690 1579 petant,
716 1511 743 1560 ct
763 1517 825 1558 non
858 1517 902 1562 eoo
930 1499 1097 1560 emendatos
1119 1518 1214 1577 opno-

256 1586 342 1650 ocrit,
365 1582 500 1661 repellat.
523 1581 611 1642 Ratio
633 1588 700 1651 cst,
723 1581 794 1658 quia
817 1587 956 1658 peccator
977 1582 1134 1649 occultus,
1161 1585 1213 1657 qni

255 1665 394 1742 privatim
418 1667 448 1723 et
469 1663 636 1724 clanculum
659 1662 886 1724 Sacramentum
908 1663 1068 1738 exposcit,
1094 1663 1212 1724 nullum

255 1746 377 1806 omnino
391 1741 439 1820 jus
456 1745 548 1805 habet
561 1746 596 1804 ad
609 1742 872 1815 Communionem3
886 1762 945 1804 non
960 1744 1082 1821 quidem
1095 1745 1212 1805 ratione

254 1831 360 1896 status,
386 1825 413 1884 in
429 1843 489 1902 qno
513 1832 661 1897 versatur,
685 1844 757 1887 cum
780 1845 834 1903 per
850 1832 1006 1903 peccatum
1029 1844 1067 1887 ex
1082 1825 1137 1884 Dei
1152 1827 1213 1887 Pa-

255 1909 308 1969 tris
330 1925 384 1986 per
405 1905 559 1969 Christum
582 1907 739 1986 adeptione
760 1907 931 1979 exciderit3
968 1926 1026 1967 non
1047 1908 1139 1967 ctiam
1163 1927 1211 1970 ra-

253 1992 333 2054 tione
356 1988 466 2060 lamae,
490 2008 584 2067 quum
599 1989 756 2068 denegatio
778 1990 953 2051 sitocculta.
978 1985 1061 2048 Unde
1084 1991 1113 2047 iu
1136 2007 1211 2051 casu

253 2074 289 2134 de
311 2088 372 2149 quo
393 2072 515 2150 agitur,
540 2069 750 2133 Eucharistiae
771 2071 920 2132 sanctitati
942 2070 1079 2131 Minister
1099 2087 1210 2133 consu-

253 2155 316 2216 lere
338 2157 458 2213 tenetur
494 2171 528 2212 ac
562 2160 722 2231 praecepta
755 2152 805 2211 illa
826 2151 937 2214 Christi
965 2152 1083 2213 Domini
1105 2169 1210 2214 serva·

253 2253 296 2304 re,
321 2233 467 2295 Matthaei
490 2232 561 2312 Cap.
577 2233 632 2296 vti
655 2233 752 2296 Nolite
773 2233 919 2295 Sanctum
933 2232 1007 2294 dare
1022 2235 1156 2294 conibet:
1181 2241 1210 2294 et

251 2316 323 2394 Cap.
347 2315 428 2383 XV,
453 2312 520 2376 Non
542 2327 581 2377 cst
603 2317 710 2377 bonnm
732 2334 846 2376 sumere
863 2332 973 2393 ponem
994 2316 1150 2396 filiorum,
1182 2326 1209 2375 et
1256 2380 1257 2383 Ἴ

251 2400 369 2459 mittere
392 2398 525 2458 canibus.
550 2398 688 2458 Alterum
711 2398 790 2474 qnod
818 2397 846 2456 in
868 2396 978 2457 Rituali
1000 2398 1147 2465 edicitur,
1172 2396 1208 2456 il-

251 2479 303 2540 lud
325 2485 387 2549 est,
412 2479 544 2539 occultos
568 2484 751 2556 peccatores,
775 2479 929 2555 sipcblice
941 2487 1046 2555 petant
1062 2478 1207 2540 Commu-
1254 2528 1255 2533 ,

251 2559 380 2626 aionem,
404 2566 434 2620 et
448 2557 511 2620 sibe
527 2562 666 2622 scandalo
689 2561 848 2637 praeteriri
865 2565 1023 2636 nequeant,
1048 2578 1106 2618 non
1119 2577 1206 2637 posse
1253 2600 1254 2613 ,

249 2641 328 2718 ipsos
351 2642 388 2701 ab
411 2641 515 2702 eadem
539 2643 669 2703 excludi.
693 2640 785 2722 Cujus
808 2642 851 2702 rei
867 2643 941 2701 ratio
965 2640 1123 2717 multiplex
1145 2649 1203 2701 esi.
1252 2662 1253 2689 r

248 2719 350 2782 Prima
373 2741 409 2784 ne
432 2721 568 2783 Minister
589 2725 698 2801 prodat
718 2724 830 2784 crimen
853 2724 1026 2792 occultum,
1050 2727 1141 2799 atque
1165 2724 1204 2783 ita
1245 2766 1249 2772 <

249 2805 420 2880 proximum
443 2805 577 2866 infamet.
601 2805 739 2866 Secunda
760 2821 797 2864 ne
818 2805 891 2865 alios
913 2804 1104 2864 scandalizet.
1129 2804 1204 2865 Ter·
1250 2814 1251 2841 ¹

248 2967 381 3034 clasiae,
406 2966 575 3028 defraudet.
665 2987 667 2993 ¹
935 2992 939 3000 =
1247 2938 1249 3003 l

289 3046 343 3107 Vl.
367 3047 470 3109 Veteri
493 3044 645 3110 Ecclesiae
664 3049 820 3128 ,disciplina
845 3054 1002 3127 spectata,
1032 3048 1202 3110 amentibus
1246 3012 1248 3071 ⁴

247 3130 369 3206 quidem
398 3129 664 3208 phreneticisque‚
693 3131 722 3189 in
745 3131 850 3192 ultimo
876 3133 955 3191 ritae
978 3131 1110 3210 periculo
1132 3147 1202 3189 con-

239 3211 381 3278 stitutis,
406 3213 522 3272 secluso
545 3212 752 3279 irriverentiae
781 3213 939 3290 periculo,
970 3213 1106 3290 praeberi
1129 3212 1200 3270 olirn

247 3293 333 3352 solita
355 3293 410 3354 init
431 3292 635 3364 Communi03
661 3293 750 3370 idque
779 3299 860 3369 patet
882 3311 920 3356 ex
941 3293 1059 3354 Canone
1081 3290 1197 3360 XVMt,

166 3383 170 3390 '
246 3371 368 3432 Concilii
391 3373 404 3433 1
427 3372 625 3446 Aransic'aui,
656 3377 687 3434 et
708 3373 888 3436 ex.Canoue
911 3373 1041 3434 LXXV}
1074 3374 1197 3435 Consilii

244 3451 287 3513 lv
302 3451 554 3532 Carthaginensis.
578 3452 617 3515 Ut
637 3454 748 3530 aliquid
773 3456 893 3517 tandem
909 3462 940 3516 et
961 3457 998 3515 da
1014 3454 1196 3534 Energnmc-

245 3534 290 3594 nis
312 3536 430 3605 dicam,
456 3535 528 3632 iicet
546 3534 617 3595 olim
642 3535 676 3596 iis
698 3537 820 3599 minime
843 3537 1036 3629 Eucharistia
1057 3537 1196 3638 concede-
