2567 4042
533 269 536 275 ,
613 191 840 275 ἤῑύθίέ·

244 321 276 384 Sc
292 317 399 381 Hilarii
422 335 526 396 opera.
551 313 636 377 Haec
657 321 738 386 sunt,
763 332 841 392 quae
863 312 920 375 hac
941 313 978 373 de
993 331 1027 373 re
1041 311 1126 380 video
1139 312 1190 371 cir-

244 400 413 471 cumferri3
439 407 469 460 et
492 405 614 476 propter
635 416 713 474 quae
736 395 882 458 Antonius
902 395 1011 473 Pagius
1038 397 1067 454 in
1091 393 1191 454 Critica

244 485 405 546 Annalium
428 482 547 540 Barouii
569 481 605 540 ad
628 479 749 542 Annum
773 477 834 539 388
857 497 940 538 utrm.
967 477 1003 537 11
1030 479 1073 536 sic
1095 477 1187 536 habet:
1248 508 1249 549 3

244 565 413 628 Arctorum
436 562 612 630 diuersitas,
638 564 743 640 quibus
761 560 840 621 illud
859 560 1019 624 Canticum
1046 556 1082 618 Tc
1102 546 1190 617 Deum
1248 584 1249 627 3

244 648 405 710 laudamus
420 643 621 716 adscribitur,
646 642 772 704 ostendit
793 643 883 722 liujus
907 641 1031 703 Cantici
1045 650 1189 700 auctorem
1248 686 1249 689 ,

244 729 340 790 adhuc
357 747 408 788 nos
423 727 528 787 latura.
551 724 705 786 lacertum
729 727 830 801 itaque
852 741 976 801 prorsus
998 731 1061 795 cst,
1086 722 1133 782 cui
1146 721 1191 780 de

245 813 314 874 beat
337 811 385 868 liic
408 806 548 885 Hymnus
571 807 737 874 vindicari,
762 805 901 882 quamvls
923 805 961 872 de
983 807 1052 885 ejus
1073 801 1190 879 antiqui-

244 899 304 956 late
327 891 457 951 dubitari
480 909 537 949 uon
560 890 663 965 possit.
752 948 756 954 ,
1248 904 1249 907 ’

284 972 339 1054 lli.
365 972 397 1033 lu
415 971 472 1030 hoc
488 969 613 1048 Hymuu
635 975 706 1030 suut
720 969 884 1030 sententiae
901 969 1049 1044 quaedam
1064 987 1082 1029 e
1096 966 1126 1026 S.
1138 963 1187 1042 Cp-

244 1056 342 1134 priani
365 1052 454 1112 Libro
477 1051 515 1126 cla¹
527 1048 724 1113 Morcatitatc'
737 1054 921 1128 excerptae,
948 1050 998 1109 ubi
1021 1052 1058 1110 dc
1072 1050 1132 1108 vita
1149 1063 1190 1106 ac·

244 1143 329 1199 terna
344 1153 435 1214 agens
450 1135 502 1194 ait:
527 1132 597 1193 Illic
611 1131 818 1212 Apostolorum
832 1133 979 1209 ploriocus'
995 1131 1121 1200 Cinorus,
1135 1129 1190 1188 illic
1248 1186 1249 1209 ξ

245 1217 463 1296 Prophetarum
479 1215 681 1276 occultantium
696 1233 859 1282 numerus,
883 1214 947 1273 illic
963 1211 1136 1292 Martyrum
1148 1210 1189 1268 iu·
1248 1250 1249 1253 ,

244 1299 439 1368 numerabilis
457 1298 594 1377 populus,
617 1297 682 1358 illic
712 1295 844 1374 l⁷irpinrc
866 1299 925 1354 etc,
953 1291 1078 1355 Certum
1101 1301 1190 1364 tanam

245 1383 365 1442 videtur
389 1381 468 1438 huuc
485 1379 642 1456 llymuuru
666 1376 759 1439 luisse
780 1377 984 1453 conscriptum
1008 1395 1063 1453 pro
1083 1374 1193 1438 Matuti·
1248 1370 1249 1455 l

245 1464 290 1523 uis
312 1461 425 1521 Officiis
440 1499 459 1530 ,·
478 1467 511 1520 ut
531 1478 569 1522 cx
597 1461 756 1538 postremis
788 1459 924 1537 ejusdem
953 1453 1092 1518 versibus
1116 1455 1193 1519 iacile
1248 1470 1249 1499 ὲ

246 1543 343 1622 colligi
358 1547 476 1620 potest:
493 1539 553 1600 Par
567 1541 701 1620 siapulGos
716 1541 780 1600 dics
794 1539 994 1600 benedicimus
1008 1550 1049 1609 ta5
1065 1539 1192 1616 dianam,
1248 1554 1249 1579 ¹

247 1627 382 1694 Domina,
398 1623 445 1682 dic
457 1626 513 1683 isto
528 1625 591 1682 sina
604 1633 722 1702 peccato
737 1641 789 1682 aas
801 1620 956 1681 custodire.
970 1622 1076 1681 Petrus
1089 1619 1195 1680 Damia·
1248 1618 1249 1643 ³

246 1726 301 1780 uus
323 1709 352 1764 in
375 1707 435 1765 vita
458 1705 488 1766 S.
506 1704 617 1766 Odouis
633 1705 759 1764 Abbatis
781 1700 985 1766 cluniacensis
1008 1701 1113 1771 refert,
1130 1701 1194 1762 Sau·
1248 1704 1249 1785 ζ

247 1795 327 1848 ctum
344 1787 427 1846 illum
441 1782 879 1864 praescripsissentMonachi
894 1784 1023 1844 humisa
1036 1788 1195 1861 prosterne·
1248 1788 1249 1847 l

246 1875 314 1932 rent
328 1869 363 1928 acl
387 1869 437 1926 illa
459 1868 563 1928 verba:
586 1864 628 1926 Tu
644 1867 684 1926 ud
699 1867 891 1926 liberandum
913 1862 1196 1946 suscepturuslnmi·
1248 1850 1250 1971 l

246 1969 323 2020 nem,
338 1957 368 2010 el
380 1951 420 2008 ila
432 1968 447 2008 a
461 1948 616 2009 Monachis
627 1954 782 2009 servatum
795 1945 1013 2009 est.Cauticum
1024 1948 1104 2009 istud
1115 1966 1132 2006 a
1143 1944 1196 2021 qui·
1248 1974 1249 2019 t

247 2032 373 2094 busdam
395 2028 536 2108 Hymnus
552 2027 746 2093 Dominicalis
767 2028 948 2109 appellatur,
972 2030 1044 2105 quia
1059 2030 1131 2088 olim
1145 2027 1196 2086 un
1248 2048 1249 2107 p

248 2114 364 2175 rniuicis
387 2118 502 2172 lantum
525 2113 582 2172 dici
599 2113 724 2172 solebat.
749 2112 838 2184 Quod
854 2113 963 2172 asserit
980 2109 1133 2172 Gavantns
1146 2107 1196 2170 Ge·

247 2195 353 2256 lasium
376 2194 546 2254 decrevisse
569 2195 682 2254 cantari
710 2191 746 2254 Tc
761 2192 873 2268 Deum,
900 2193 928 2252 id
950 2193 1064 2268 colligit
1079 2211 1116 2253 ex
1129 2193 1196 2252 Beu·
1248 2236 1249 2259 1

249 2279 333 2338 zonio
356 2277 384 2334 iu
409 2273 599 2354 Maqnifican
623 2277 671 2334 cui
686 2280 788 2334 minen
812 2275 892 2336 nulla
908 2274 981 2335 tides
1003 2274 1141 2334 adhiberi
1154 2274 1197 2334 de·

248 2360 311 2420 bet.
329 2356 480 2418 Praelatus
494 2355 635 2436 Hymnus
650 2355 739 2434 juxta
753 2357 856 2418 Ritum
873 2355 1042 2416 Romanum
1062 2356 1196 2418 recitatur
1248 2400 1249 2417 1

182 2519 186 2528 .
250 2443 342 2503 etiam
358 2441 387 2499 iu
404 2436 510 2498 Officio
534 2437 630 2499 feriali
648 2442 709 2496 toto
725 2445 860 2515 ternpore
876 2437 1025 2499 Paschali.
1048 2437 1135 2498 luxta
1149 2435 1198 2497 ue
1248 2420 1249 2509 l

249 2523 350 2600 gulam
373 2524 471 2580 tamen
496 2523 690 2580 monasticam
705 2519 736 2582 S.
755 2520 908 2581 Benedicti
925 2539 1081 2597 uunquam
1097 2521 1195 2579 dicitur

255 2601 292 2662 Tc
308 2601 421 2673 Deum,
446 2604 501 2662 uisi
524 2603 641 2679 quaudo
664 2602 794 2662 habetur
817 2600 957 2662 Officium
979 2603 1136 2663 duodecim
1152 2600 1197 2660 Le

251 2681 409 2746 alionum.'
422 2683 452 2742 Α
464 2683 690 2761 septuagesima
706 2685 743 2742 ad
759 2684 872 2744 Pascha
888 2703 946 2744 uon
961 2685 1084 2754 dicitur,
1111 2699 1196 2760 neque

251 2767 283 2826 iu
299 2766 450 2828 Adventu.
474 2765 599 2838 Quando
615 2767 781 2826 recitantur
796 2766 848 2826 illa
861 2767 967 2826 verba:
988 2763 1023 2824 Tc
1039 2784 1107 2844 arpo
1123 2781 1196 2844 quor·
1248 2752 1249 2819 ἶ

252 2865 353 2910 summ
369 2852 427 2906 elc.
446 2865 549 2908 omues
565 2849 593 2907 iu
610 2847 715 2916 choro,
733 2847 851 2908 detecto
863 2849 974 2925 capite.
992 2846 1195 2925 genuflectunt.

253 2929 427 3006 etquidem
455 2933 584 3006 utroque
612 2947 700 3006 genu.
729 2928 763 2988 lu
791 2929 919 3008 publicis
948 2922 1195 2990 caeremoniisir
1248 2990 1249 2997 χ

253 3011 351 3072 Deum
373 3016 525 3070 cantatum
554 3010 647 3072 luisse
675 3013 881 3088 comperimus
902 3030 940 3071 cx
969 3012 1042 3072 Vita
1066 3007 1197 3072 Ludorici

253 3091 310 3161 Pii,
336 3093 385 3152 ubi
402 3092 510 3153 dicitur
526 3092 716 3154 decantatum
733 3093 834 3164 luisse,
860 3112 929 3153 curu
945 3093 1116 3172 Stephanus
1130 3090 1197 3165 Papa

253 3171 366 3235 Remos
395 3175 568 3236 advenerat.
599 3171 758 3236 Cantatum
780 3193 900 3253 quoquc
922 3176 1001 3247 tuit,
1032 3191 1105 3234 cum
1125 3172 1196 3233 Elbo

254 3256 395 3316 Remcusi
418 3256 485 3317 Sedi
509 3258 662 3318 restitutus
684 3256 762 3327 luit,
786 3262 877 3335 atque
898 3276 968 3319 cum
990 3255 1099 3318 Carolo
1119 3254 1196 3317 cun

256 3337 374 3414 imperii
397 3338 535 3398 diadema
557 3339 731 3418 impositum
754 3343 810 3400 est.
