2567 4042
471 219 533 283 aaa
554 190 698 280 nram·

404 404 408 409 “
458 420 586 484 cnrnr
607 420 711 484 xvn.

353 592 397 648 nir
419 602 568 646 srnaono·
589 603 615 647 s.
639 602 839 671 nrarnnsn..
886 584 889 589 ’

151 750 175 816 l.
193 750 368 830 Symbolum
387 751 466 825 quod
483 749 571 827 vulgo
586 748 741 831 diciturS.
755 749 922 822 Athanasii,
940 760 970 816 et
986 758 1064 832 quod

106 831 232 909 incipit:
261 830 446 909 Quicumque
468 833 531 893 oult
551 832 651 893 soloas
674 828 751 898 csso,
775 842 879 893 sancto
900 835 1065 898 Athanasio

107 915 216 976 tribuit
237 911 517 991 Augustodunensis
539 916 567 971 in
590 914 686 974 Gallia
709 912 844 993 Synodns
867 916 924 976 snb
941 916 971 978 S.
991 912 1066 981 Leo·

104 997 231 1074 ‘degario
253 993 412 1073 Episcopo,
437 996 537 1055 habita
560 1015 637 1055 anno
660 994 777 1055 Domini
801 994 952 1061 uctxx.
981 1000 1064 1063 Idem

108 1078 287 1159 Symbolum
317 1079 373 1138 sub
394 1078 426 1137 S.
451 1078 605 1138 Athanasii
634 1080 754 1138 nominc
780 1080 938 1140 laudarunt
959 1082 1065 1143 Batra-

16 1211 17 1214 ,
108 1178 198 1221 mnus
221 1156 409 1235 Corbejensis
431 1160 597 1221 Monachus
620 1159 708 1220 blbro
731 1160 759 1221 ll
787 1169 888 1221 contra
912 1160 1062 1237 Graecos,

16 1279 17 1298 .
109 1240 219 1303 AEncas
241 1241 418 1303 Parisiensis
439 1242 605 1319 Episcopus
625 1240 714 1301 Libro
733 1241 747 1301 l
770 1241 843 1323 Gap.
862 1242 900 1302 19
923 1252 952 1305 et
972 1244 1066 1319 Hinc-

16 1345 17 1348 *
110 1342 216 1385 marus
233 1319 484 1401 Arcbiepiscopus
498 1321 690 1383 Rbemensi's.
715 1322 797 1383 ldem
816 1324 993 1401 Symbolum
1010 1330 1065 1391 snb

16 1425 19 1467 t
104 1406 207 1469 Sancti
231 1405 386 1466 Athanasii
409 1405 527 1466 nomine
543 1406 677 1465 laudarit
689 1402 987 1481 Abbo'Floriaoensis
1003 1411 1065 1470 Ab·

107 1490 174 1549 bas.
199 1488 362 1547 Athanasio
377 1506 496 1565 quoque
514 1488 587 1547 illud
603 1487 781 1565 Symbolum
799 1489 935 1550 tribuunt
951 1492 1063 1553 Rodul-

16 1625 17 1646 ζ
107 1569 191 1647 phas
219 1575 250 1628 at
270 1570 370 1647 Aymo
397 1580 434 1631 ex
461 1568 635 1639 bimorum,
665 1576 696 1630 et
723 1567 812 1646 Hngo
840 1578 870 1631 et
892 1572 997 1633 Petrus
1026 1592 1064 1634 ex

16 1659 17 1712 ζ
109 1649 354 1711 Praedicatorum
378 1650 511 1712 Ordine:
536 1652 587 1726 qni
603 1668 680 1711 anno
699 1650 778 1711 1233
800 1652 835 1711 ad
859 1648 992 1715 Graecos
1006 1654 1062 1715 La-

16 1789 17 1794 ,
109 1732 180 1793 tinis
202 1732 399 1793 conciliandos
422 1752 437 1791 a
461 1732 607 1809 Gregorio
630 1732 675 1792 lX
697 1733 832 1793 Romano
855 1733 998 1796 Pontifice
1025 1736 1064 1795 A·

15 1842 18 1879 s
109 1816 275 1895 pocrisariis
289 1812 573 1893 Constantinopolim
602 1816 686 1874 missi
714 1824 794 1875 sunt.
820 1814 894 1889 illud
926 1820 1004 1877 idem
1033 1823 1066 1879 ut

16 1929 17 1938 κ
109 1898 268 1959 Athanasii
290 1900 453 1973 genuinum
471 1916 545 1974 opus
562 1897 685 1957 landant
699 1895 876 1957 Guillolmus
893 1898 1063 1967 liu-raudus,

16 2025 18 2043 .
111 1980 141 2037 in
157 1977 313 2039 Rationoli
328 1979 507 2040 Dioinorcm
528 1976 708 2061 officiorum,
733 1999 799 2057 pag.
819 1979 869 2047 tu
893 1978 1063 2041 Gennadius

16 2093 18 2127 2
110 2058 305 2130 Scholarins‚
328 2064 364 2121 in
379 2059 554 2138 Defectione
579 2061 709 2123 Concilii
731 2054 916 2140 Florentini,
941 2062 1013 2140 Gap.
1039 2062 1064 2123 l.

15 2185 18 2210 ,
110 2142 260 2203 Auctores
286 2162 381 2211 vero,
412 2144 462 2218 qui
485 2142 516 2201 S.
541 2143 704 2203 Athanasio
726 2143 784 2203 hoc
806 2143 982 2220 Symbolum
1005 2146 1063 2204 cri·

16 2259 17 2262 =
111 2224 216 2300 plant,
240 2231 309 2285 sunt
330 2222 442 2283 Natalis
464 2224 654 2294 Alexander,
679 2226 708 2283 in
731 2224 943 2287 mollissume
966 2224 1066 2286 Eccle-

109 2306 234 2366 siastico
255 2307 376 2367 saeculo
390 2304 433 2365 lV
449 2305 522 2383 Cap.
539 2305 570 2376 ὃς
595 2306 768 2368 Gotelridus
784 2306 981 2368 llermantius
997 2307 1064 2369 Bel-

16 2419 17 2448 :
110 2389 276 2449 toracensis
296 2387 478 2458 Canonicus,
502 2390 533 2447 in
554 2386 616 2448 suls
638 2390 896 2450 observationibus
918 2390 955 2449 ad
971 2391 1063 2450 vitam

110 2468 143 2529 S.
167 2468 325 2529 Athanasii
354 2470 459 2547 gallice
485 2488 501 2530 a
524 2488 555 2531 se
578 2473 797 2545 compositam,
828 2471 975 2547 Iosephus
1004 2472 1065 2532 An·

110 2551 264 2619 thelrrru's,
289 2552 318 2609 in
341 2571 397 2611 sco
413 2550 620 2631 disquisitione
635 2553 670 2611 dc
687 2551 822 2633 Symbola
839 2551 871 2613 S.
890 2550 1049 2617 Athanasii
1056 2576 1066 2625 ;

111 2639 143 2693 et
156 2630 348 2693 Clarissimus
371 2632 403 2695 P.
421 2632 664 2695 Montianconius
679 2635 913 2695 Athanasiornm
938 2654 1063 2711 operum

112 2712 358 2791 diligentissimus
383 2716 483 2775 editor
502 2722 533 2776 ct
554 2716 717 2777 illustrator
744 2722 818 2776 tom.
843 2716 862 2774 3
884 2717 912 2775 in
935 2714 1010 2787 tine3
1035 2721 1066 2778 et

112 2794 162 2855 alii
185 2796 285 2872 plures
307 2798 346 2855 ab
368 2798 471 2857 iisdem
494 2799 607 2858 citati..
956 2799 958 2803 ’

154 2871 194 2936 ll.
210 2872 262 2936 'Ac
278 2880 375 2955 primo
391 2880 511 2957 quidem
534 2879 631 2939 nullus
651 2872 756 2939 auctor
771 2870 936 2941 Athanasio
952 2896 1065 2941 coevus

112 2963 167 3018 aut
188 2976 323 3035 suppar,
352 2960 420 3039 ejus
442 2962 588 3021 meminit.
611 2958 677 3020 Non
700 2961 730 3022 S.
756 2961 919 3040 Gregorius
940 2960 1065 3020 Nazian-

112 3058 202 3101 zenus
225 3042 252 3099 in
273 3040 418 3105 Oratione
439 3042 482 3102 De
496 3039 647 3104 Laudibus
665 3040 689 3103 S
715 3042 889 3119 Athanasii,
914 3062 971 3103 non
988 3042 1067 3105 ullus

111 3120 333 3184 Historicoru'm
349 3125 639 3199 Ecclesiasticorum,
661 3127 712 3202 qni
729 3127 832 3203 primis
848 3125 975 3185 saeculis
991 3124 1065 3185 scri-

110 3212 252 3285 pserunt,
278 3223 336 3265 non
350 3207 542 3267 >Athanasius
564 3208 673 3284 ipse-in
690 3209 843 3285 apologiis.
868 3206 1004 3287 Secunda
1020 3224 1068 3267 ra·

112 3288 155 3346 tio
176 3294 236 3354 est,
257 3290 338 3365 quod
361 3288 391 3349 S.
409 3288 602 3358 Athanasius,
627 3291 656 3349 in
678 3290 811 3367 Epistola
832 3291 871 3349 ad
886 3288 1068 3349 Antiochen·

111 3385 181 3439 ses,
212 3372 317 3447 procul
340 3388 373 3429 se
394 3370 487 3432 luisse
510 3388 527 3427 a
549 3371 703 3431 condenda
733 3390 810 3432 nova
834 3372 920 3432 Fidei
941 3370 1080 3440 lormula,

113 3453 259 3520 testetur,
284 3457 316 3512 et
337 3450 486 3512 Nicaenae
508 3451 620 3532 Synodi
642 3453 817 3532 Symbolum
846 3454 906 3515 suls
931 3454 1069 3513 omnibus

113 3534 516 3608 numeris'absolotissimum
533 3552 599 3595 esse
611 3536 782 3595 contendat.
800 3529 906 3613 Nequc
922 3534 978 3594 illis
994 3540 1069 3596 tem-

112 3613 234 3691 poribus
257 3633 370 3676 norum
392 3633 573 3695 componere
596 3616 772 3698 Symbolum
796 3618 976 3679 conveniens
992 3615 1069 3677 luis-

897 3714 933 3766 27
