2567 4042
618 172 680 237 w
701 162 763 226 ³3⁰
780 171 844 238 tt·-

250 291 499 364 deosculationes,
522 293 663 364 solitudo,
686 295 859 365 silentium,
881 293 1061 358 abstinentia
1083 311 1103 354 a
1123 295 1203 364 nino,

250 392 269 436 a
290 373 387 443 ludis,
411 375 545 454 itemque
577 377 645 456 piac
666 377 944 457 peregrinationes,
970 374 1204 456 flagellationes,
1274 456 1275 463 ἵ

250 462 282 520 ct
303 456 361 517 alia
383 456 413 516 id
435 474 540 532 genus.

292 537 336 600 X.
359 536 463 600 Obviis
485 541 724 618 quibuscumque
745 541 967 609 concedendam
989 557 1047 602 non
1064 558 1130 604 esoc
1151 539 1203 600 ab-

251 619 457 690 solutionem,
482 621 533 682 sed
555 623 591 682 iis
613 624 754 686 omnibus
775 624 952 700 negandam,
975 641 1105 701 quorum
1127 622 1208 686 nulla

250 703 300 764 vel
322 700 390 764 ficta
412 705 590 776 conversio;
615 706 651 766 iis
670 723 745 766 uero
766 705 976 776 differendam,
999 723 1128 783 quornm
1150 703 1208 764 du·

251 783 301 846 bia
322 790 353 845 ot
376 785 490 846 incerta
512 788 693 865 poenitentia
719 793 791 860 est,
815 788 923 850 docent
950 788 1059 866 passim
1082 786 1206 848 Moralis

252 865 435 943 Theologiao
457 868 622 941 Doctores,
654 869 840 948 probantque
861 872 953 932 variis
973 868 1099 930 Divinae
1125 867 1209 928 Scri·

251 951 360 1027 pturae
382 947 530 1017 Oraculis‚
555 952 688 1011 unanimi
709 951 831 1012 Petrum
853 971 1012 1023 consensu,
1040 971 1076 1012 ao
1097 950 1208 1028 repoti-

252 1030 291 1092 tis
313 1028 513 1092 conciliorum
527 1033 675 1094 Decretis.
698 1031 756 1096 His
770 1036 870 1112 itaquo
882 1036 1050 1097 adhaerens
1071 1041 1208 1094 nostrum

252 1110 383 1180 Rituale,
407 1112 627 1174 Coniossariurn
650 1122 752 1176 monet
771 1123 803 1178 et
825 1117 1074 1194 primoquidem,
1099 1132 1135 1174 ne
1156 1131 1208 1174 eos

252 1193 397 1266 absolvat,
421 1198 474 1273 qui
488 1197 574 1258 oolla
595 1196 670 1257 dant
684 1201 771 1275 &pne
784 1196 903 1262 ddoris.
926 1197 985 1260 Sed
1000 1215 1055 1259 neo
1069 1196 1141 1258 illud
1161 1213 1208 1256 re·

252 1275 353 1338 vocari
369 1276 397 1335 in
412 1276 538 1340 dubium
553 1284 661 1354 potest,
677 1280 751 1356 quin
765 1286 905 1342 teneatur
919 1280 1123 1343 Confessarins
1136 1279 1206 1355 ipsc

253 1357 588 1436 diligenteradvertere
614 1365 716 1422 utrum
732 1363 884 1438 poenitens
898 1382 1007 1426 uorum
1023 1363 1134 1424 babeat
1155 1361 1208 1420 do·
1275 1352 1276 1373 ²

254 1439 349 1504 lorem
372 1439 409 1500 de
432 1442 493 1502 suis
515 1445 656 1520 pcccatis,
680 1444 855 1522 priusquam
876 1446 963 1507 illum
983 1445 1130 1506 absolvat.
1153 1443 1209 1502 At·

253 1539 313 1602 que
335 1522 383 1582 hic
404 1521 487 1585 lubet
507 1525 590 1584 varia
605 1534 783 1602 argumenta
805 1525 918 1589 reterre
941 1526 1132 1589 aCardinalc
1146 1521 1208 1584 ns

254 1603 319 1664 noll
343 1604 453 1666 tradita
482 1602 514 1665 ¹in
541 1603 686 1668 Pastorali
715 1607 914 1670 Instruoliona
944 1609 982 1670 ad
1004 1607 1210 1670 Confessarios

253 1701 327 1748 suae
350 1683 512 1756 llioeoesis‚
534 1705 573 1748 cx
594 1688 703 1766 quibus
722 1687 855 1766 judicare
877 1691 1209 1768 Conlessarinspotest‚

252 1783 305 1828 eos
327 1769 512 1844 poenitentes
533 1787 640 1830 verum
662 1769 797 1834 dolorem
821 1774 943 1834 minime
964 1773 1098 1842 habere,
1122 1768 1211 1846 quid-

254 1849 327 1928 quid
348 1849 436 1910 alilar
457 1850 622 1920 affirment,
646 1853 717 1928 qni,
741 1856 858 1933 primo,
881 1855 918 1916 ad
939 1855 1082 1916 Tribunal
1107 1850 1212 1911 Poeni-

253 1932 364 1992 tentiae
379 1934 524 1994 accedunt
538 1953 607 1996 cum
621 1934 752 2012 quadam
765 1937 925 2016 superbiae
946 1938 1060 2016 specie:
1079 1933 1213 1995 secundo

253 2014 305 2092 qui
327 2020 449 2093 peccata
471 2022 594 2077 narrant
614 2018 698 2078 velut
718 2036 768 2080 nee
789 2021 876 2097 plane
898 2019 1126 2081 indifferentes:
1149 2021 1214 2076 ter·

253 2097 295 2158 tio
317 2097 367 2174 qni
382 2095 558 2160 confitentes
580 2105 713 2176 peccata,
736 2100 872 2178 culpam,
897 2108 928 2162 ot
942 2107 1059 2163 reatem
1083 2101 1113 2158 in
1135 2097 1214 2160 alios

252 2177 416 2256 translerpe
438 2185 584 2257 satagunt:
599 2189 706 2258 quarto
728 2183 779 2260 qui
800 2189 1014 2246 recusaverunt
1028 2180 1214 2262 poenitentia

253 2259 485 2322 satisfactionem
508 2277 672 2342 congruam
687 2269 718 2326 et
731 2267 958 2326 convenientem
972 2267 1111 2343 implere:
1125 2263 1215 2340 quin·

253 2344 362 2419 toqui
390 2342 494 2406 nolunt
522 2346 564 2404 nti
595 2347 734 2420 remediis
762 2349 888 2425 propriis
916 2348 954 2409 ad
982 2347 1119 2408 evimnda
1141 2360 1216 2424 pec·

254 2428 342 2485 cata:
374 2428 460 2484 sesto
483 2426 617 2503 neganda
648 2433 696 2489 est
722 2429 869 2492 absolutio
897 2429 953 2499 iis,
976 2429 1035 2509 'qur'
1055 2427 1153 2497 odio,
1185 2436 1213 2486 ct

253 2505 430 2567 inimicitias
452 2504 596 2586 deponere
617 2505 738 2570 noluntss
762 2507 856 2588 ldqne
877 2509 1034 2573 fundatum
1048 2516 1095 2572 est
1114 2509 1146 2568 in
1160 2525 1213 2568 ce·

255 2585 331 2647 lebri
354 2586 404 2648 illa
425 2587 588 2650 Salvatorls
611 2593 704 2651 nostri
725 2594 869 2655 sententia
891 2593 1038 2656 Matthaei
1059 2589 1210 2668 Cap.V1:

256 2665 293 2730 Sl
314 2677 413 2731 autom
439 2689 500 2730 nors
521 2670 905 2745 dimiserisdimiseris,
926 2692 982 2735 nec
1003 2672 1094 2735 Potor
1113 2680 1214 2733 nester

254 2747 384 2813 dimittet
398 2753 478 2813 cobis
485 2761 609 2834 paccata
628 2765 740 2816 oestro:
751 2757 878 2834 septimo
892 2755 1028 2835 neganda
1041 2762 1088 2818 est
1103 2755 1141 2814 iis
1151 2752 1215 2813 Ab·

253 2831 381 2906 solorio,
406 2836 459 2914 qui
480 2836 601 2905 aliona,
623 2838 812 2917 operarent,
833 2838 988 2900 restituero
1007 2841 1123 2899 edunt.
1148 2834 1215 2895 No-

253 2921 319 2976 tum
342 2916 451 2995 quippe
470 2917 544 2977 illud
566 2922 612 2979 est
632 2915 664 2979 S.
681 2919 839 2998 Augustini
860 2920 889 2980 in
904 2917 1034 2998 Epistola
1054 2916 1149 2981 cnlll
1170 2917 1213 2977 ad

253 2995 476 3060 Macedonium:
503 2995 539 3058 Si
559 3001 639 3060 enim
661 3018 709 3062 res
730 3001 840 3070 alieno,
859 3010 986 3082 propter
1001 3019 1092 3082 quom
1103 3018 1214 3077 pecco·

253 3088 318 3142 tum
339 3091 399 3150 cst,
424 3099 492 3142 cum
511 3080 602 3142 reddi
619 3085 735 3162 possit,
759 3101 821 3144 noe
842 3081 1006 3152 redditur,
1028 3102 1087 3142 non
1107 3081 1214 3158 opiter

250 3164 449 3241 poenitentia,
472 3160 523 3222 aad
544 3163 693 3244 flnpltur:
717 3170 822 3226 octavo
844 3163 980 3244 neganda
994 3164 1142 3226 absolutio
1164 3168 1212 3223 ost

254 3243 389 3322 illisqui
398 3244 576 3324 proximam
587 3245 732 3326 peccandi
745 3246 928 3308 nonanoeane
942 3245 1073 3308 descrere
1088 3245 1213 3306 nolum.

255 3323 382 3386 Occasio
405 3326 540 3404 proxima
562 3329 678 3406 peccati
698 3333 746 3391 est
765 3329 841 3397 illa,
864 3346 943 3406 qnae
968 3347 1007 3390 ex
1028 3334 1134 3395 natura
1157 3343 1216 3386 sua
1276 3378 1277 3389 ,

255 3413 309 3468 aut
329 3424 470 3487 semper,
505 3413 558 3469 aut
587 3408 651 3470 lere
676 3429 796 3489 semper
825 3409 863 3470 ad
893 3416 1051 3490 peccatum
1073 3400 1211 3470 inducit:
1275 3402 1277 3475 J

255 3507 333 3548 nono
356 3489 490 3566 neganda
520 3497 567 3552 est
593 3492 740 3554 absolutio
773 3491 830 3561 iis,
855 3496 909 3571 qui
932 3501 1059 3571 peccota
1087 3488 1216 3551 derclin—
1276 3488 1277 3539 l

257 3588 366 3650 querc,
390 3581 417 3632 et
441 3570 535 3632 nilons
555 3573 590 3632 in
612 3573 717 3636 melius
737 3571 895 3635 emendare
915 3573 1027 3636 nolent.
1049 3571 1109 3647 Qui
1130 3572 1215 3636 enim
