<?xml version="1.0" encoding="UTF-8"?>
<!DOCTYPE html PUBLIC "-//W3C//DTD XHTML 1.0 Transitional//EN"
    "http://www.w3.org/TR/xhtml1/DTD/xhtml1-transitional.dtd">
<html xmlns="http://www.w3.org/1999/xhtml" xml:lang="en" lang="en">
 <head>
  <title>
</title>
<meta http-equiv="Content-Type" content="text/html;charset=utf-8" />
  <meta name='ocr-system' content='tesseract 3.04.00' />
  <meta name='ocr-capabilities' content='ocr_page ocr_carea ocr_par ocr_line ocrx_word'/>
</head>
<body>
  <div class='ocr_page' id='page_1' title='image "./institutionesli01marigoog_0360.png"; bbox 0 0 2567 4042; ppageno 0'>
   <div class='ocr_carea' id='block_1_1' title="bbox 598 168 824 242">
    <p class='ocr_par' dir='ltr' id='par_1_1' title="bbox 598 168 824 242">
     <span class='ocr_line' id='line_1_1' title="bbox 598 168 824 242; baseline 0.04 -10"><span class='ocrx_word' id='word_1_1' title='bbox 598 168 824 242; x_wconf 44' lang='lat'>*358*</span> 
     </span>
    </p>
   </div>
   <div class='ocr_carea' id='block_1_2' title="bbox 577 376 842 441">
    <p class='ocr_par' dir='ltr' id='par_1_2' title="bbox 577 376 842 441">
     <span class='ocr_line' id='line_1_2' title="bbox 577 376 842 441; baseline -0.008 -1"><span class='ocrx_word' id='word_1_2' title='bbox 577 376 705 441; x_wconf 80' lang='lat' dir='ltr'><strong>CAPUT</strong></span> <span class='ocrx_word' id='word_1_3' title='bbox 727 377 842 440; x_wconf 87' lang='lat' dir='ltr'><em>XVIII.</em></span> 
     </span>
    </p>
   </div>
   <div class='ocr_carea' id='block_1_3' title="bbox 233 528 1188 606">
    <p class='ocr_par' dir='ltr' id='par_1_3' title="bbox 233 528 1188 606">
     <span class='ocr_line' id='line_1_3' title="bbox 233 528 1188 606; baseline 0 -4"><span class='ocrx_word' id='word_1_4' title='bbox 233 559 275 602; x_wconf 78' lang='lat' dir='ltr'>uu</span> <span class='ocrx_word' id='word_1_5' title='bbox 287 560 410 603; x_wconf 80' lang='lat' dir='ltr'>lll&#39;l&#39;llilIS</span> <span class='ocrx_word' id='word_1_6' title='bbox 421 559 463 603; x_wconf 81' lang='lat' dir='ltr'>Al)</span> <span class='ocrx_word' id='word_1_7' title='bbox 475 553 709 604; x_wconf 75' lang='lat' dir='ltr'>SACRAMENTUM</span> <span class='ocrx_word' id='word_1_8' title='bbox 721 528 913 605; x_wconf 65' lang='lat' dir='ltr'>uerutbtoull</span> <span class='ocrx_word' id='word_1_9' title='bbox 925 541 1188 606; x_wconf 72' lang='lat' dir='ltr'>ruurtuuu&#39;rruts.</span> 
     </span>
    </p>
   </div>
   <div class='ocr_carea' id='block_1_4' title="bbox 162 703 1257 2986">
    <p class='ocr_par' dir='ltr' id='par_1_4' title="bbox 162 703 1257 2986">
     <span class='ocr_line' id='line_1_4' title="bbox 275 703 1193 788; baseline 0.001 -22"><span class='ocrx_word' id='word_1_10' title='bbox 275 707 300 766; x_wconf 85' lang='lat'>1.</span> <span class='ocrx_word' id='word_1_11' title='bbox 326 705 550 767; x_wconf 83' lang='lat' dir='ltr'>Matrimonium</span> <span class='ocrx_word' id='word_1_12' title='bbox 568 703 607 788; x_wconf 79' lang='lat'>(1)</span> <span class='ocrx_word' id='word_1_13' title='bbox 629 706 693 784; x_wconf 85' lang='lat' dir='ltr'>jam</span> <span class='ocrx_word' id='word_1_14' title='bbox 708 708 777 767; x_wconf 92' lang='lat' dir='ltr'>inde</span> <span class='ocrx_word' id='word_1_15' title='bbox 798 707 925 783; x_wconf 90' lang='lat' dir='ltr'>aprima</span> <span class='ocrx_word' id='word_1_16' title='bbox 947 708 1051 767; x_wconf 92' lang='lat' dir='ltr'>mundi</span> <span class='ocrx_word' id='word_1_17' title='bbox 1074 708 1193 786; x_wconf 79' lang='lat' dir='ltr'>origine</span> 
     </span>
     <span class='ocr_line' id='line_1_5' title="bbox 235 786 1193 855; baseline 0.004 -10"><span class='ocrx_word' id='word_1_18' title='bbox 235 805 251 845; x_wconf 84' lang='lat' dir='ltr'>a</span> <span class='ocrx_word' id='word_1_19' title='bbox 276 789 338 848; x_wconf 80' lang='lat' dir='ltr'>lieo</span> <span class='ocrx_word' id='word_1_20' title='bbox 360 794 483 849; x_wconf 74' lang='lat' dir='ltr'>anctore</span> <span class='ocrx_word' id='word_1_21' title='bbox 506 789 690 855; x_wconf 86' lang='lat' dir='ltr'>institutum,</span> <span class='ocrx_word' id='word_1_22' title='bbox 714 807 748 848; x_wconf 90' lang='lat' dir='ltr'>ac</span> <span class='ocrx_word' id='word_1_23' title='bbox 763 788 872 849; x_wconf 91' lang='lat' dir='ltr'>deinde</span> <span class='ocrx_word' id='word_1_24' title='bbox 893 786 1045 850; x_wconf 86' lang='lat' dir='ltr'>aCbristo</span> <span class='ocrx_word' id='word_1_25' title='bbox 1060 789 1193 849; x_wconf 87' lang='lat' dir='ltr'>Domino</span> 
     </span>
     <span class='ocr_line' id='line_1_6' title="bbox 232 869 1193 948; baseline 0.003 -21"><span class='ocrx_word' id='word_1_26' title='bbox 232 870 271 928; x_wconf 90' lang='lat' dir='ltr'>ad</span> <span class='ocrx_word' id='word_1_27' title='bbox 288 869 471 930; x_wconf 87' lang='lat' dir='ltr'>Sacramenti</span> <span class='ocrx_word' id='word_1_28' title='bbox 486 870 660 948; x_wconf 81' lang='lat' dir='ltr'>dignitatem</span> <span class='ocrx_word' id='word_1_29' title='bbox 677 877 827 940; x_wconf 83' lang='lat' dir='ltr'>erectum,</span> <span class='ocrx_word' id='word_1_30' title='bbox 845 872 983 945; x_wconf 85' lang='lat' dir='ltr'>quamvis</span> <span class='ocrx_word' id='word_1_31' title='bbox 994 888 1116 946; x_wconf 80' lang='lat' dir='ltr'>semper</span> <span class='ocrx_word' id='word_1_32' title='bbox 1128 889 1193 930; x_wconf 92' lang='lat' dir='ltr'>san·</span> 
     </span>
     <span class='ocr_line' id='line_1_7' title="bbox 234 951 1257 1029; baseline 0.007 -21"><span class='ocrx_word' id='word_1_33' title='bbox 234 957 317 1010; x_wconf 87' lang='lat' dir='ltr'>ctum</span> <span class='ocrx_word' id='word_1_34' title='bbox 335 969 369 1011; x_wconf 87' lang='lat' dir='ltr'>ee</span> <span class='ocrx_word' id='word_1_35' title='bbox 385 951 554 1011; x_wconf 85' lang='lat' dir='ltr'>inviolabile</span> <span class='ocrx_word' id='word_1_36' title='bbox 570 953 649 1029; x_wconf 91' lang='lat' dir='ltr'>apud</span> <span class='ocrx_word' id='word_1_37' title='bbox 665 970 769 1012; x_wconf 86' lang='lat' dir='ltr'>omnes</span> <span class='ocrx_word' id='word_1_38' title='bbox 781 951 845 1012; x_wconf 85' lang='lat' dir='ltr'>lere</span> <span class='ocrx_word' id='word_1_39' title='bbox 860 959 963 1028; x_wconf 78' lang='lat' dir='ltr'>gentes</span> <span class='ocrx_word' id='word_1_40' title='bbox 979 952 1114 1012; x_wconf 88' lang='lat' dir='ltr'>habitum</span> <span class='ocrx_word' id='word_1_41' title='bbox 1127 952 1194 1015; x_wconf 86' lang='lat' dir='ltr'>ine·</span> <span class='ocrx_word' id='word_1_42' title='bbox 1256 962 1257 969; x_wconf 75' lang='grc'>’</span> 
     </span>
     <span class='ocr_line' id='line_1_8' title="bbox 235 1033 1257 1112; baseline 0.005 -22"><span class='ocrx_word' id='word_1_43' title='bbox 235 1033 421 1102; x_wconf 86' lang='lat' dir='ltr'>rit;.inventi</span> <span class='ocrx_word' id='word_1_44' title='bbox 444 1039 512 1093; x_wconf 88' lang='lat' dir='ltr'>sunt</span> <span class='ocrx_word' id='word_1_45' title='bbox 535 1042 634 1094; x_wconf 90' lang='lat' dir='ltr'>tamen</span> <span class='ocrx_word' id='word_1_46' title='bbox 660 1033 803 1103; x_wconf 77' lang='lat' dir='ltr'>nonnulli,</span> <span class='ocrx_word' id='word_1_47' title='bbox 829 1035 880 1111; x_wconf 89' lang='lat' dir='ltr'>qui</span> <span class='ocrx_word' id='word_1_48' title='bbox 903 1035 1021 1112; x_wconf 78' lang='lat' dir='ltr'>nuptias</span> <span class='ocrx_word' id='word_1_49' title='bbox 1048 1041 1192 1110; x_wconf 78' lang='lat' dir='ltr'>tanquam</span> <span class='ocrx_word' id='word_1_50' title='bbox 1256 1048 1257 1051; x_wconf 75' lang='grc'>’</span> 
     </span>
     <span class='ocr_line' id='line_1_9' title="bbox 237 1115 1257 1191; baseline 0.005 -19"><span class='ocrx_word' id='word_1_51' title='bbox 237 1132 302 1174; x_wconf 90' lang='lat' dir='ltr'>rem</span> <span class='ocrx_word' id='word_1_52' title='bbox 326 1115 458 1175; x_wconf 78' lang='lat' dir='ltr'>illicitam</span> <span class='ocrx_word' id='word_1_53' title='bbox 482 1117 632 1176; x_wconf 87' lang='lat' dir='ltr'>tenebant.</span> <span class='ocrx_word' id='word_1_54' title='bbox 658 1115 704 1174; x_wconf 86' lang='lat' dir='ltr'>De</span> <span class='ocrx_word' id='word_1_55' title='bbox 718 1117 851 1191; x_wconf 88' lang='lat' dir='ltr'>personis</span> <span class='ocrx_word' id='word_1_56' title='bbox 868 1116 1052 1176; x_wconf 79' lang='lat' dir='ltr'>matrimonii</span> <span class='ocrx_word' id='word_1_57' title='bbox 1067 1117 1193 1176; x_wconf 81' lang='lat' dir='ltr'>vinculo</span> <span class='ocrx_word' id='word_1_58' title='bbox 1256 1174 1257 1177; x_wconf 74' lang='grc'>,</span> 
     </span>
     <span class='ocr_line' id='line_1_10' title="bbox 235 1193 1194 1274; baseline 0.004 -20"><span class='ocrx_word' id='word_1_59' title='bbox 235 1193 431 1274; x_wconf 81' lang='lat' dir='ltr'>conjugandis</span> <span class='ocrx_word' id='word_1_60' title='bbox 443 1195 535 1256; x_wconf 91' lang='lat' dir='ltr'>multa</span> <span class='ocrx_word' id='word_1_61' title='bbox 547 1198 699 1258; x_wconf 90' lang='lat' dir='ltr'>disserunt</span> <span class='ocrx_word' id='word_1_62' title='bbox 709 1195 853 1274; x_wconf 80' lang='lat' dir='ltr'>Theologi</span> <span class='ocrx_word' id='word_1_63' title='bbox 868 1204 900 1258; x_wconf 88' lang='lat' dir='ltr'>et</span> <span class='ocrx_word' id='word_1_64' title='bbox 910 1196 1099 1267; x_wconf 86' lang='lat' dir='ltr'>Canonistae,</span> <span class='ocrx_word' id='word_1_65' title='bbox 1114 1216 1194 1274; x_wconf 88' lang='lat' dir='ltr'>quae</span> 
     </span>
     <span class='ocr_line' id='line_1_11' title="bbox 162 1277 1195 1356; baseline 0.003 -20"><span class='ocrx_word' id='word_1_66' title='bbox 162 1299 164 1303; x_wconf 94' lang='lat'>·</span> <span class='ocrx_word' id='word_1_67' title='bbox 235 1287 252 1336; x_wconf 89' lang='lat' dir='ltr'>a</span> <span class='ocrx_word' id='word_1_68' title='bbox 270 1277 353 1338; x_wconf 89' lang='lat' dir='ltr'>nobis</span> <span class='ocrx_word' id='word_1_69' title='bbox 368 1279 447 1338; x_wconf 88' lang='lat' dir='ltr'>ultro</span> <span class='ocrx_word' id='word_1_70' title='bbox 464 1281 755 1354; x_wconf 86' lang='lat' dir='ltr'>praetermittuntur,</span> <span class='ocrx_word' id='word_1_71' title='bbox 780 1280 919 1338; x_wconf 89' lang='lat' dir='ltr'>nonnulla</span> <span class='ocrx_word' id='word_1_72' title='bbox 942 1280 1039 1355; x_wconf 90' lang='lat' dir='ltr'>quoad</span> <span class='ocrx_word' id='word_1_73' title='bbox 1054 1281 1195 1356; x_wconf 85' lang='lat' dir='ltr'>antiquos</span> 
     </span>
     <span class='ocr_line' id='line_1_12' title="bbox 233 1360 1194 1438; baseline 0.003 -21"><span class='ocrx_word' id='word_1_74' title='bbox 233 1360 314 1419; x_wconf 87' lang='lat' dir='ltr'>ritus</span> <span class='ocrx_word' id='word_1_75' title='bbox 341 1360 391 1420; x_wconf 91' lang='lat' dir='ltr'>hic</span> <span class='ocrx_word' id='word_1_76' title='bbox 413 1361 556 1421; x_wconf 85' lang='lat' dir='ltr'>adnotare</span> <span class='ocrx_word' id='word_1_77' title='bbox 578 1361 721 1421; x_wconf 90' lang='lat' dir='ltr'>contenti.</span> <span class='ocrx_word' id='word_1_78' title='bbox 746 1360 779 1420; x_wconf 94' lang='lat' dir='ltr'>ln</span> <span class='ocrx_word' id='word_1_79' title='bbox 806 1361 910 1436; x_wconf 89' lang='lat' dir='ltr'>primis</span> <span class='ocrx_word' id='word_1_80' title='bbox 930 1378 1003 1438; x_wconf 85' lang='lat' dir='ltr'>ergo</span> <span class='ocrx_word' id='word_1_81' title='bbox 1031 1362 1194 1438; x_wconf 88' lang='lat' dir='ltr'>praecede-</span> 
     </span>
     <span class='ocr_line' id='line_1_13' title="bbox 236 1441 1195 1518; baseline 0.002 -18"><span class='ocrx_word' id='word_1_82' title='bbox 236 1441 309 1502; x_wconf 89' lang='lat' dir='ltr'>bant</span> <span class='ocrx_word' id='word_1_83' title='bbox 322 1443 482 1518; x_wconf 90' lang='lat' dir='ltr'>sponsalia,</span> <span class='ocrx_word' id='word_1_84' title='bbox 506 1460 559 1502; x_wconf 91' lang='lat' dir='ltr'>seu</span> <span class='ocrx_word' id='word_1_85' title='bbox 575 1441 749 1502; x_wconf 81' lang='lat' dir='ltr'>futurarum</span> <span class='ocrx_word' id='word_1_86' title='bbox 772 1443 944 1517; x_wconf 87' lang='lat' dir='ltr'>nuptiarum</span> <span class='ocrx_word' id='word_1_87' title='bbox 960 1443 1108 1518; x_wconf 88' lang='lat' dir='ltr'>promissa</span> <span class='ocrx_word' id='word_1_88' title='bbox 1131 1442 1195 1502; x_wconf 86' lang='lat' dir='ltr'>ioe-</span> 
     </span>
     <span class='ocr_line' id='line_1_14' title="bbox 236 1521 1195 1601; baseline 0.002 -20"><span class='ocrx_word' id='word_1_89' title='bbox 236 1521 320 1591; x_wconf 89' lang='lat' dir='ltr'>dore,</span> <span class='ocrx_word' id='word_1_90' title='bbox 345 1524 450 1584; x_wconf 86' lang='lat' dir='ltr'>deinde</span> <span class='ocrx_word' id='word_1_91' title='bbox 474 1523 706 1583; x_wconf 80' lang='lat' dir='ltr'>conficiebantur</span> <span class='ocrx_word' id='word_1_92' title='bbox 729 1523 848 1584; x_wconf 79' lang='lat' dir='ltr'>lebuine</span> <span class='ocrx_word' id='word_1_93' title='bbox 871 1524 1117 1590; x_wconf 67' lang='lat' dir='ltr'>matrimonium,</span> <span class='ocrx_word' id='word_1_94' title='bbox 1143 1541 1195 1601; x_wconf 91' lang='lat' dir='ltr'>pa-</span> 
     </span>
     <span class='ocr_line' id='line_1_15' title="bbox 236 1604 1194 1683; baseline 0.003 -21"><span class='ocrx_word' id='word_1_95' title='bbox 236 1612 285 1663; x_wconf 85' lang='lat' dir='ltr'>cta</span> <span class='ocrx_word' id='word_1_96' title='bbox 309 1624 362 1665; x_wconf 90' lang='lat' dir='ltr'>seu</span> <span class='ocrx_word' id='word_1_97' title='bbox 379 1606 563 1666; x_wconf 86' lang='lat' dir='ltr'>conditiones</span> <span class='ocrx_word' id='word_1_98' title='bbox 585 1604 678 1664; x_wconf 88' lang='lat' dir='ltr'>iuturi</span> <span class='ocrx_word' id='word_1_99' title='bbox 694 1606 877 1665; x_wconf 81' lang='lat' dir='ltr'>matrimonii</span> <span class='ocrx_word' id='word_1_100' title='bbox 893 1607 1089 1675; x_wconf 83' lang='lat' dir='ltr'>continentes,</span> <span class='ocrx_word' id='word_1_101' title='bbox 1114 1624 1194 1683; x_wconf 90' lang='lat' dir='ltr'>quae</span> 
     </span>
     <span class='ocr_line' id='line_1_16' title="bbox 238 1685 1196 1762; baseline 0.001 -18"><span class='ocrx_word' id='word_1_102' title='bbox 238 1685 357 1746; x_wconf 89' lang='lat' dir='ltr'>tabulae</span> <span class='ocrx_word' id='word_1_103' title='bbox 373 1688 541 1762; x_wconf 84' lang='lat' dir='ltr'>signatoriis</span> <span class='ocrx_word' id='word_1_104' title='bbox 563 1702 669 1748; x_wconf 90' lang='lat' dir='ltr'>eornm</span> <span class='ocrx_word' id='word_1_105' title='bbox 692 1687 743 1761; x_wconf 89' lang='lat' dir='ltr'>qui</span> <span class='ocrx_word' id='word_1_106' title='bbox 760 1685 958 1747; x_wconf 76' lang='lat' dir='ltr'>interfuerant</span> <span class='ocrx_word' id='word_1_107' title='bbox 979 1688 1096 1748; x_wconf 89' lang='lat' dir='ltr'>annulis</span> <span class='ocrx_word' id='word_1_108' title='bbox 1118 1688 1196 1747; x_wconf 91' lang='lat' dir='ltr'>obsi·</span> 
     </span>
     <span class='ocr_line' id='line_1_17' title="bbox 237 1766 1195 1846; baseline 0.002 -20"><span class='ocrx_word' id='word_1_109' title='bbox 237 1767 416 1845; x_wconf 85' lang='lat' dir='ltr'>gnabantur.</span> <span class='ocrx_word' id='word_1_110' title='bbox 434 1766 582 1828; x_wconf 88' lang='lat' dir='ltr'>Enmdem</span> <span class='ocrx_word' id='word_1_111' title='bbox 600 1771 759 1846; x_wconf 83' lang='lat' dir='ltr'>praeterea</span> <span class='ocrx_word' id='word_1_112' title='bbox 773 1769 993 1845; x_wconf 82' lang='lat' dir='ltr'>sponsaliorum</span> <span class='ocrx_word' id='word_1_113' title='bbox 1005 1773 1195 1828; x_wconf 87' lang='lat' dir='ltr'>contractum</span> 
     </span>
     <span class='ocr_line' id='line_1_18' title="bbox 237 1850 1195 1927; baseline 0.002 -21"><span class='ocrx_word' id='word_1_114' title='bbox 237 1861 367 1910; x_wconf 90' lang='lat' dir='ltr'>munera</span> <span class='ocrx_word' id='word_1_115' title='bbox 387 1850 524 1910; x_wconf 91' lang='lat' dir='ltr'>comitari</span> <span class='ocrx_word' id='word_1_116' title='bbox 548 1851 694 1916; x_wconf 88' lang='lat' dir='ltr'>solebant,</span> <span class='ocrx_word' id='word_1_117' title='bbox 719 1851 828 1925; x_wconf 87' lang='lat' dir='ltr'>quibus</span> <span class='ocrx_word' id='word_1_118' title='bbox 849 1867 957 1926; x_wconf 92' lang='lat' dir='ltr'>sponsa</span> <span class='ocrx_word' id='word_1_119' title='bbox 980 1868 996 1909; x_wconf 90' lang='lat' dir='ltr'>a</span> <span class='ocrx_word' id='word_1_120' title='bbox 1018 1868 1141 1927; x_wconf 90' lang='lat' dir='ltr'>sponso,</span> <span class='ocrx_word' id='word_1_121' title='bbox 1166 1855 1195 1910; x_wconf 92' lang='lat' dir='ltr'>et</span> 
     </span>
     <span class='ocr_line' id='line_1_19' title="bbox 237 1929 1189 2009; baseline 0.006 -21"><span class='ocrx_word' id='word_1_122' title='bbox 237 1933 417 2008; x_wconf 81' lang='lat' dir='ltr'>quandoque</span> <span class='ocrx_word' id='word_1_123' title='bbox 432 1933 593 2000; x_wconf 88' lang='lat' dir='ltr'>contrarie,</span> <span class='ocrx_word' id='word_1_124' title='bbox 618 1931 796 1992; x_wconf 87' lang='lat' dir='ltr'>donabatur.</span> <span class='ocrx_word' id='word_1_125' title='bbox 820 1929 1002 2009; x_wconf 83' lang='lat' dir='ltr'>Hujnsmodi</span> <span class='ocrx_word' id='word_1_126' title='bbox 1017 1949 1189 1994; x_wconf 74' lang='lat' dir='ltr'>munerum,</span> 
     </span>
     <span class='ocr_line' id='line_1_20' title="bbox 237 2013 1195 2092; baseline 0.001 -21"><span class='ocrx_word' id='word_1_127' title='bbox 237 2029 316 2087; x_wconf 84' lang='lat' dir='ltr'>quae</span> <span class='ocrx_word' id='word_1_128' title='bbox 338 2015 447 2073; x_wconf 84' lang='lat' dir='ltr'>arrbne</span> <span class='ocrx_word' id='word_1_129' title='bbox 469 2024 494 2073; x_wconf 86' lang='lat' dir='ltr'>et</span> <span class='ocrx_word' id='word_1_130' title='bbox 505 2015 638 2092; x_wconf 78' lang='lat' dir='ltr'>pipnoro</span> <span class='ocrx_word' id='word_1_131' title='bbox 661 2018 831 2082; x_wconf 84' lang='lat' dir='ltr'>vocantur,</span> <span class='ocrx_word' id='word_1_132' title='bbox 854 2019 886 2074; x_wconf 87' lang='lat' dir='ltr'>et</span> <span class='ocrx_word' id='word_1_133' title='bbox 906 2015 985 2092; x_wconf 90' lang='lat' dir='ltr'>apud</span> <span class='ocrx_word' id='word_1_134' title='bbox 1008 2013 1195 2073; x_wconf 83' lang='lat' dir='ltr'>Christianos</span> 
     </span>
     <span class='ocr_line' id='line_1_21' title="bbox 236 2093 1195 2174; baseline 0.001 -22"><span class='ocrx_word' id='word_1_135' title='bbox 236 2093 329 2154; x_wconf 82' lang='lat' dir='ltr'>ctiam</span> <span class='ocrx_word' id='word_1_136' title='bbox 352 2101 495 2174; x_wconf 88' lang='lat' dir='ltr'>usurpata</span> <span class='ocrx_word' id='word_1_137' title='bbox 518 2094 637 2161; x_wconf 87' lang='lat' dir='ltr'>liernnt,</span> <span class='ocrx_word' id='word_1_138' title='bbox 663 2095 801 2154; x_wconf 91' lang='lat' dir='ltr'>meminit</span> <span class='ocrx_word' id='word_1_139' title='bbox 822 2093 989 2172; x_wconf 81' lang='lat' dir='ltr'>Gregorius</span> <span class='ocrx_word' id='word_1_140' title='bbox 1010 2095 1195 2154; x_wconf 87' lang='lat' dir='ltr'>Turonensis</span> 
     </span>
     <span class='ocr_line' id='line_1_22' title="bbox 237 2172 1194 2253; baseline -0.001 -20"><span class='ocrx_word' id='word_1_141' title='bbox 237 2172 334 2253; x_wconf 83' lang='lat' dir='ltr'>Capit.</span> <span class='ocrx_word' id='word_1_142' title='bbox 352 2175 417 2236; x_wconf 86' lang='lat' dir='ltr'>XX</span> <span class='ocrx_word' id='word_1_143' title='bbox 440 2177 560 2236; x_wconf 76' lang='lat' dir='ltr'>deutris</span> <span class='ocrx_word' id='word_1_144' title='bbox 577 2174 716 2236; x_wconf 74' lang='lat' dir='ltr'>Patrone.</span> <span class='ocrx_word' id='word_1_145' title='bbox 742 2175 822 2235; x_wconf 90' lang='lat' dir='ltr'>lnter</span> <span class='ocrx_word' id='word_1_146' title='bbox 843 2194 971 2237; x_wconf 88' lang='lat' dir='ltr'>munera</span> <span class='ocrx_word' id='word_1_147' title='bbox 993 2178 1022 2234; x_wconf 93' lang='lat' dir='ltr'>in</span> <span class='ocrx_word' id='word_1_148' title='bbox 1038 2175 1194 2253; x_wconf 84' lang='lat' dir='ltr'>sponsaliis</span> 
     </span>
     <span class='ocr_line' id='line_1_23' title="bbox 238 2254 1194 2334; baseline 0.001 -20"><span class='ocrx_word' id='word_1_149' title='bbox 238 2254 303 2316; x_wconf 88' lang='lat' dir='ltr'>deri</span> <span class='ocrx_word' id='word_1_150' title='bbox 327 2258 412 2329; x_wconf 86' lang='lat' dir='ltr'>solita</span> <span class='ocrx_word' id='word_1_151' title='bbox 435 2277 526 2319; x_wconf 92' lang='lat' dir='ltr'>unum</span> <span class='ocrx_word' id='word_1_152' title='bbox 544 2263 609 2317; x_wconf 87' lang='lat' dir='ltr'>erat</span> <span class='ocrx_word' id='word_1_153' title='bbox 632 2258 773 2326; x_wconf 83' lang='lat' dir='ltr'>annolus,</span> <span class='ocrx_word' id='word_1_154' title='bbox 798 2259 848 2334; x_wconf 88' lang='lat' dir='ltr'>qui</span> <span class='ocrx_word' id='word_1_155' title='bbox 871 2260 971 2318; x_wconf 85' lang='lat' dir='ltr'>aviro</span> <span class='ocrx_word' id='word_1_156' title='bbox 992 2257 1122 2319; x_wconf 79' lang='lat' dir='ltr'>feminae</span> <span class='ocrx_word' id='word_1_157' title='bbox 1144 2257 1194 2316; x_wconf 92' lang='lat' dir='ltr'>da·</span> 
     </span>
     <span class='ocr_line' id='line_1_24' title="bbox 239 2336 1194 2417; baseline -0.001 -21"><span class='ocrx_word' id='word_1_158' title='bbox 239 2339 329 2399; x_wconf 88' lang='lat' dir='ltr'>batur</span> <span class='ocrx_word' id='word_1_159' title='bbox 351 2347 420 2401; x_wconf 87' lang='lat' dir='ltr'>ante</span> <span class='ocrx_word' id='word_1_160' title='bbox 444 2341 572 2416; x_wconf 75' lang='lat' dir='ltr'>nuptiae,</span> <span class='ocrx_word' id='word_1_161' title='bbox 590 2339 687 2398; x_wconf 88' lang='lat' dir='ltr'>dictus</span> <span class='ocrx_word' id='word_1_162' title='bbox 710 2346 868 2414; x_wconf 87' lang='lat' dir='ltr'>propterea</span> <span class='ocrx_word' id='word_1_163' title='bbox 885 2358 901 2398; x_wconf 90' lang='lat' dir='ltr'>a</span> <span class='ocrx_word' id='word_1_164' title='bbox 917 2340 1103 2400; x_wconf 87' lang='lat' dir='ltr'>Tertulliano</span> <span class='ocrx_word' id='word_1_165' title='bbox 1118 2336 1194 2417; x_wconf 78' lang='lat' dir='ltr'>Apo·</span> 
     </span>
     <span class='ocr_line' id='line_1_25' title="bbox 239 2418 1194 2502; baseline 0.001 -26"><span class='ocrx_word' id='word_1_166' title='bbox 239 2423 314 2496; x_wconf 80' lang='lat' dir='ltr'>loprt</span> <span class='ocrx_word' id='word_1_167' title='bbox 339 2421 411 2497; x_wconf 82' lang='lat' dir='ltr'>Cap.</span> <span class='ocrx_word' id='word_1_168' title='bbox 429 2421 481 2490; x_wconf 93' lang='lat' dir='ltr'>Vl,</span> <span class='ocrx_word' id='word_1_169' title='bbox 497 2423 660 2502; x_wconf 80' lang='lat' dir='ltr'>pronubus.</span> <span class='ocrx_word' id='word_1_170' title='bbox 676 2418 815 2486; x_wconf 80' lang='lat' dir='ltr'>Meminit</span> <span class='ocrx_word' id='word_1_171' title='bbox 834 2419 923 2497; x_wconf 80' lang='lat' dir='ltr'>liujus</span> <span class='ocrx_word' id='word_1_172' title='bbox 938 2423 1012 2481; x_wconf 90' lang='lat' dir='ltr'>ritus</span> <span class='ocrx_word' id='word_1_173' title='bbox 1027 2421 1194 2492; x_wconf 72' lang='lat' dir='ltr'>Gregorius</span> 
     </span>
     <span class='ocr_line' id='line_1_26' title="bbox 238 2499 1192 2580; baseline -0.002 -20"><span class='ocrx_word' id='word_1_174' title='bbox 238 2501 424 2562; x_wconf 68' lang='lat' dir='ltr'>Turonensis</span> <span class='ocrx_word' id='word_1_175' title='bbox 447 2505 474 2561; x_wconf 91' lang='lat' dir='ltr'>in</span> <span class='ocrx_word' id='word_1_176' title='bbox 497 2505 588 2567; x_wconf 73' lang='lat' dir='ltr'>libro</span> <span class='ocrx_word' id='word_1_177' title='bbox 622 2501 657 2561; x_wconf 88' lang='lat' dir='ltr'>de</span> <span class='ocrx_word' id='word_1_178' title='bbox 678 2503 748 2561; x_wconf 75' lang='lat' dir='ltr'>uitta</span> <span class='ocrx_word' id='word_1_179' title='bbox 771 2499 900 2568; x_wconf 81' lang='lat' dir='ltr'>Petrum</span> <span class='ocrx_word' id='word_1_180' title='bbox 924 2501 1032 2580; x_wconf 80' lang='lat' dir='ltr'>Cupite</span> <span class='ocrx_word' id='word_1_181' title='bbox 1054 2501 1117 2560; x_wconf 87' lang='lat' dir='ltr'>XX</span> <span class='ocrx_word' id='word_1_182' title='bbox 1141 2501 1192 2560; x_wconf 91' lang='lat' dir='ltr'>ubi</span> 
     </span>
     <span class='ocr_line' id='line_1_27' title="bbox 240 2581 1195 2658; baseline -0.002 -16"><span class='ocrx_word' id='word_1_183' title='bbox 240 2581 301 2658; x_wconf 77' lang='lat' dir='ltr'>agit</span> <span class='ocrx_word' id='word_1_184' title='bbox 323 2583 359 2643; x_wconf 91' lang='lat' dir='ltr'>de</span> <span class='ocrx_word' id='word_1_185' title='bbox 382 2584 560 2650; x_wconf 75' lang='lat' dir='ltr'>leobardo,</span> <span class='ocrx_word' id='word_1_186' title='bbox 586 2583 636 2658; x_wconf 83' lang='lat' dir='ltr'>qui</span> <span class='ocrx_word' id='word_1_187' title='bbox 661 2590 762 2658; x_wconf 87' lang='lat' dir='ltr'>postea</span> <span class='ocrx_word' id='word_1_188' title='bbox 785 2583 920 2643; x_wconf 90' lang='lat' dir='ltr'>reclusus</span> <span class='ocrx_word' id='word_1_189' title='bbox 942 2587 1018 2643; x_wconf 81' lang='lat' dir='ltr'>vixit</span> <span class='ocrx_word' id='word_1_190' title='bbox 1041 2584 1068 2642; x_wconf 91' lang='lat' dir='ltr'>in</span> <span class='ocrx_word' id='word_1_191' title='bbox 1090 2585 1195 2644; x_wconf 82' lang='lat' dir='ltr'>Mona·</span> 
     </span>
     <span class='ocr_line' id='line_1_28' title="bbox 240 2661 1192 2744; baseline -0.002 -22"><span class='ocrx_word' id='word_1_192' title='bbox 240 2664 342 2722; x_wconf 86' lang='lat' dir='ltr'>sterio.</span> <span class='ocrx_word' id='word_1_193' title='bbox 369 2665 494 2728; x_wconf 85' lang='lat' dir='ltr'>Sanctus</span> <span class='ocrx_word' id='word_1_194' title='bbox 516 2666 648 2725; x_wconf 90' lang='lat' dir='ltr'>Isidorus</span> <span class='ocrx_word' id='word_1_195' title='bbox 670 2663 760 2723; x_wconf 92' lang='lat' dir='ltr'>Libro</span> <span class='ocrx_word' id='word_1_196' title='bbox 782 2663 847 2724; x_wconf 86' lang='lat' dir='ltr'>XX</span> <span class='ocrx_word' id='word_1_197' title='bbox 870 2664 1128 2744; x_wconf 73' lang='lat' dir='ltr'>Etymolopiurorir</span> <span class='ocrx_word' id='word_1_198' title='bbox 1165 2661 1192 2721; x_wconf 94' lang='lat' dir='ltr'>id</span> 
     </span>
     <span class='ocr_line' id='line_1_29' title="bbox 241 2747 1192 2822; baseline 0.008 -20"><span class='ocrx_word' id='word_1_199' title='bbox 241 2747 338 2822; x_wconf 90' lang='lat' dir='ltr'>ipsum</span> <span class='ocrx_word' id='word_1_200' title='bbox 362 2748 399 2807; x_wconf 92' lang='lat' dir='ltr'>de</span> <span class='ocrx_word' id='word_1_201' title='bbox 416 2749 531 2808; x_wconf 90' lang='lat' dir='ltr'>annulis</span> <span class='ocrx_word' id='word_1_202' title='bbox 553 2763 692 2822; x_wconf 90' lang='lat' dir='ltr'>asponso</span> <span class='ocrx_word' id='word_1_203' title='bbox 715 2764 841 2820; x_wconf 91' lang='lat' dir='ltr'>sponsae</span> <span class='ocrx_word' id='word_1_204' title='bbox 864 2747 942 2806; x_wconf 94' lang='lat' dir='ltr'>dono</span> <span class='ocrx_word' id='word_1_205' title='bbox 965 2747 1041 2805; x_wconf 87' lang='lat' dir='ltr'>dalis</span> <span class='ocrx_word' id='word_1_206' title='bbox 1058 2751 1192 2809; x_wconf 76' lang='lat' dir='ltr'>testatur,</span> 
     </span>
     <span class='ocr_line' id='line_1_30' title="bbox 240 2827 1193 2890; baseline -0.002 -4"><span class='ocrx_word' id='word_1_207' title='bbox 240 2827 351 2888; x_wconf 88' lang='lat' dir='ltr'>addens</span> <span class='ocrx_word' id='word_1_208' title='bbox 375 2832 517 2890; x_wconf 86' lang='lat' dir='ltr'>mulieres</span> <span class='ocrx_word' id='word_1_209' title='bbox 540 2836 602 2888; x_wconf 92' lang='lat' dir='ltr'>toto</span> <span class='ocrx_word' id='word_1_210' title='bbox 625 2844 697 2886; x_wconf 89' lang='lat' dir='ltr'>suae</span> <span class='ocrx_word' id='word_1_211' title='bbox 720 2829 799 2888; x_wconf 87' lang='lat' dir='ltr'>ritae</span> <span class='ocrx_word' id='word_1_212' title='bbox 820 2829 971 2888; x_wconf 89' lang='lat' dir='ltr'>curriculo</span> <span class='ocrx_word' id='word_1_213' title='bbox 994 2829 1053 2886; x_wconf 86' lang='lat' dir='ltr'>illis</span> <span class='ocrx_word' id='word_1_214' title='bbox 1076 2831 1193 2887; x_wconf 85' lang='lat' dir='ltr'>tantum</span> 
     </span>
     <span class='ocr_line' id='line_1_31' title="bbox 240 2907 1194 2986; baseline -0.003 -19"><span class='ocrx_word' id='word_1_215' title='bbox 240 2911 357 2970; x_wconf 92' lang='lat' dir='ltr'>annulis</span> <span class='ocrx_word' id='word_1_216' title='bbox 380 2914 442 2981; x_wconf 90' lang='lat' dir='ltr'>uti,</span> <span class='ocrx_word' id='word_1_217' title='bbox 470 2913 561 2986; x_wconf 81' lang='lat' dir='ltr'>quia</span> <span class='ocrx_word' id='word_1_218' title='bbox 582 2910 648 2968; x_wconf 87' lang='lat' dir='ltr'>viro</span> <span class='ocrx_word' id='word_1_219' title='bbox 670 2909 888 2979; x_wconf 83' lang='lat' dir='ltr'>mittebantur,</span> <span class='ocrx_word' id='word_1_220' title='bbox 912 2927 968 2970; x_wconf 87' lang='lat' dir='ltr'>nec</span> <span class='ocrx_word' id='word_1_221' title='bbox 991 2909 1046 2968; x_wconf 90' lang='lat' dir='ltr'>nisi</span> <span class='ocrx_word' id='word_1_222' title='bbox 1069 2907 1144 2969; x_wconf 88' lang='lat' dir='ltr'>duos</span> <span class='ocrx_word' id='word_1_223' title='bbox 1166 2909 1194 2965; x_wconf 90' lang='lat' dir='ltr'>in</span> 
     </span>
    </p>
   </div>
   <div class='ocr_carea' id='block_1_5' title="bbox 198 2986 1257 3477">
    <p class='ocr_par' dir='ltr' id='par_1_5' title="bbox 198 2986 1257 3477">
     <span class='ocr_line' id='line_1_32' title="bbox 240 2986 1194 3071; baseline 0 -23"><span class='ocrx_word' id='word_1_224' title='bbox 240 2991 339 3065; x_wconf 77' lang='lat' dir='ltr'>digitis</span> <span class='ocrx_word' id='word_1_225' title='bbox 362 3001 479 3070; x_wconf 77' lang='lat' dir='ltr'>gestare</span> <span class='ocrx_word' id='word_1_226' title='bbox 501 2995 613 3052; x_wconf 90' lang='lat' dir='ltr'>solitas.</span> <span class='ocrx_word' id='word_1_227' title='bbox 639 2989 722 3050; x_wconf 90' lang='lat' dir='ltr'>ldem</span> <span class='ocrx_word' id='word_1_228' title='bbox 747 2991 960 3068; x_wconf 81' lang='lat' dir='ltr'>praeterendo</span> <span class='ocrx_word' id='word_1_229' title='bbox 984 2990 1103 3050; x_wconf 79' lang='lat' dir='ltr'>Dieint’r</span> <span class='ocrx_word' id='word_1_230' title='bbox 1129 2986 1194 3071; x_wconf 71' lang='lat' dir='ltr'>Offi-</span> 
     </span>
     <span class='ocr_line' id='line_1_33' title="bbox 241 3071 1194 3152; baseline 0 -22"><span class='ocrx_word' id='word_1_231' title='bbox 241 3073 296 3131; x_wconf 79' lang='lat' dir='ltr'>ciis</span> <span class='ocrx_word' id='word_1_232' title='bbox 321 3072 425 3152; x_wconf 83' lang='lat' dir='ltr'>Cupite</span> <span class='ocrx_word' id='word_1_233' title='bbox 448 3073 558 3135; x_wconf 83' lang='lat' dir='ltr'><em>XVIII</em></span> <span class='ocrx_word' id='word_1_234' title='bbox 586 3073 725 3147; x_wconf 87' lang='lat' dir='ltr'>eumdem</span> <span class='ocrx_word' id='word_1_235' title='bbox 756 3073 858 3132; x_wconf 91' lang='lat' dir='ltr'>annuli</span> <span class='ocrx_word' id='word_1_236' title='bbox 885 3074 976 3134; x_wconf 85' lang='lat' dir='ltr'>ritum</span> <span class='ocrx_word' id='word_1_237' title='bbox 1005 3072 1091 3130; x_wconf 90' lang='lat' dir='ltr'>docet</span> <span class='ocrx_word' id='word_1_238' title='bbox 1120 3071 1194 3131; x_wconf 87' lang='lat' dir='ltr'>adeo</span> 
     </span>
     <span class='ocr_line' id='line_1_34' title="bbox 239 3154 1194 3292; baseline -0.001 -81"><span class='ocrx_word' id='word_1_239' title='bbox 239 3165 375 3215; x_wconf 86' lang='lat' dir='ltr'>sanctum</span> <span class='ocrx_word' id='word_1_240' title='bbox 399 3173 432 3215; x_wconf 86' lang='lat' dir='ltr'>ae</span> <span class='ocrx_word' id='word_1_241' title='bbox 446 3157 618 3231; x_wconf 84' lang='lat' dir='ltr'>religiosum</span> <span class='ocrx_word' id='word_1_242' title='bbox 636 3156 665 3212; x_wconf 93' lang='lat' dir='ltr'>in</span> <span class='ocrx_word' id='word_1_243' title='bbox 681 3154 815 3214; x_wconf 86' lang='lat' dir='ltr'>Ecclesia</span> <span class='ocrx_word' id='word_1_244' title='bbox 831 3154 981 3230; x_wconf 82' lang='lat' dir='ltr'>habitum,</span> <span class='ocrx_word' id='word_1_245' title='bbox 1006 3158 1041 3211; x_wconf 92' lang='lat' dir='ltr'>ut</span> <span class='ocrx_word' id='word_1_246' title='bbox 1062 3154 1092 3210; x_wconf 95' lang='lat' dir='ltr'>in</span> <span class='ocrx_word' id='word_1_247' title='bbox 1108 3170 1194 3292; x_wconf 73' lang='lat' dir='ltr'>spou-</span> 
     </span>
     <span class='ocr_line' id='line_1_35' title="bbox 239 3235 1192 3314; baseline -0.001 -20"><span class='ocrx_word' id='word_1_248' title='bbox 239 3237 320 3296; x_wconf 85' lang='lat' dir='ltr'>saliis</span> <span class='ocrx_word' id='word_1_249' title='bbox 343 3239 584 3314; x_wconf 85' lang='lat' dir='ltr'>praetermittere</span> <span class='ocrx_word' id='word_1_250' title='bbox 607 3235 691 3294; x_wconf 87' lang='lat' dir='ltr'>nelas</span> <span class='ocrx_word' id='word_1_251' title='bbox 714 3253 807 3313; x_wconf 91' lang='lat' dir='ltr'>prope</span> <span class='ocrx_word' id='word_1_252' title='bbox 828 3236 1007 3304; x_wconf 80' lang='lat' dir='ltr'>duceretnr3</span> <span class='ocrx_word' id='word_1_253' title='bbox 1035 3252 1090 3310; x_wconf 89' lang='lat' dir='ltr'>per</span> <span class='ocrx_word' id='word_1_254' title='bbox 1111 3235 1192 3293; x_wconf 90' lang='lat' dir='ltr'>ilam</span> 
     </span>
     <span class='ocr_line' id='line_1_36' title="bbox 240 3314 1257 3394; baseline -0.005 -18"><span class='ocrx_word' id='word_1_255' title='bbox 240 3319 319 3376; x_wconf 91' lang='lat' dir='ltr'>enim</span> <span class='ocrx_word' id='word_1_256' title='bbox 337 3321 438 3378; x_wconf 89' lang='lat' dir='ltr'>annuli</span> <span class='ocrx_word' id='word_1_257' title='bbox 454 3319 641 3378; x_wconf 90' lang='lat' dir='ltr'>donationem</span> <span class='ocrx_word' id='word_1_258' title='bbox 658 3323 689 3376; x_wconf 92' lang='lat' dir='ltr'>et</span> <span class='ocrx_word' id='word_1_259' title='bbox 712 3318 916 3394; x_wconf 89' lang='lat' dir='ltr'>acceptionem</span> <span class='ocrx_word' id='word_1_260' title='bbox 940 3320 1047 3376; x_wconf 90' lang='lat' dir='ltr'>mutua</span> <span class='ocrx_word' id='word_1_261' title='bbox 1067 3314 1143 3376; x_wconf 89' lang='lat' dir='ltr'>fides</span> <span class='ocrx_word' id='word_1_262' title='bbox 1163 3315 1193 3372; x_wconf 94' lang='lat' dir='ltr'>in</span> <span class='ocrx_word' id='word_1_263' title='bbox 1256 3346 1257 3349; x_wconf 61' lang='lat'><em>=</em></span> 
     </span>
     <span class='ocr_line' id='line_1_37' title="bbox 198 3396 1193 3477; baseline -0.001 -21"><span class='ocrx_word' id='word_1_264' title='bbox 198 3458 201 3464; x_wconf 71' lang='grc'>,</span> <span class='ocrx_word' id='word_1_265' title='bbox 241 3396 378 3477; x_wconf 78' lang='lat' dir='ltr'>conjugio</span> <span class='ocrx_word' id='word_1_266' title='bbox 394 3399 539 3460; x_wconf 81' lang='lat' dir='ltr'>servanda</span> <span class='ocrx_word' id='word_1_267' title='bbox 556 3397 718 3477; x_wconf 81' lang='lat' dir='ltr'>significari</span> <span class='ocrx_word' id='word_1_268' title='bbox 741 3399 931 3467; x_wconf 88' lang='lat' dir='ltr'>credebatur,</span> <span class='ocrx_word' id='word_1_269' title='bbox 953 3397 1017 3456; x_wconf 86' lang='lat' dir='ltr'>sive</span> <span class='ocrx_word' id='word_1_270' title='bbox 1032 3399 1131 3474; x_wconf 85' lang='lat' dir='ltr'>potius</span> <span class='ocrx_word' id='word_1_271' title='bbox 1144 3414 1193 3456; x_wconf 87' lang='lat' dir='ltr'>ca·</span> 
     </span>
    </p>
   </div>
   <div class='ocr_carea' id='block_1_6' title="bbox 279 3564 1192 3633">
    <p class='ocr_par' dir='ltr' id='par_1_6' title="bbox 279 3564 1192 3633">
     <span class='ocr_line' id='line_1_38' title="bbox 279 3564 1192 3633; baseline -0.004 -13"><span class='ocrx_word' id='word_1_272' title='bbox 279 3575 312 3633; x_wconf 74' lang='lat'>(1)</span> <span class='ocrx_word' id='word_1_273' title='bbox 332 3575 368 3624; x_wconf 87' lang='lat' dir='ltr'>De</span> <span class='ocrx_word' id='word_1_274' title='bbox 388 3575 553 3623; x_wconf 79' lang='lat' dir='ltr'>sacramento</span> <span class='ocrx_word' id='word_1_275' title='bbox 571 3567 676 3624; x_wconf 90' lang='lat' dir='ltr'>Ordinis</span> <span class='ocrx_word' id='word_1_276' title='bbox 692 3567 752 3620; x_wconf 81' lang='lat' dir='ltr'>ride</span> <span class='ocrx_word' id='word_1_277' title='bbox 770 3566 903 3620; x_wconf 90' lang='lat' dir='ltr'>Libruml</span> <span class='ocrx_word' id='word_1_278' title='bbox 922 3566 955 3618; x_wconf 89' lang='lat' dir='ltr'>de</span> <span class='ocrx_word' id='word_1_279' title='bbox 967 3564 1192 3620; x_wconf 87' lang='lat' dir='ltr'>Ordinatiouibus.</span> 
     </span>
    </p>
   </div>
   <div class='ocr_carea' id='block_1_7' title="bbox 0 0 1296 4042">
    <p class='ocr_par' dir='ltr' id='par_1_7' title="bbox 0 0 1296 4042">
     <span class='ocr_line' id='line_1_39' title="bbox 0 0 1296 4042; baseline 0 0"><span class='ocrx_word' id='word_1_280' title='bbox 0 0 1296 4042; x_wconf 95' lang='lat' dir='ltr'> </span> 
     </span>
    </p>
   </div>
  </div>
 </body>
</html>
