2567 4042
446 201 507 264 sem
528 191 589 252 335
603 197 673 259 ffl-

82 325 178 403 inquit
205 322 237 383 S.
270 319 400 381 Joannes
425 311 659 400 Chrysost'omus
683 315 819 378 Homifia
843 316 876 378 X
900 320 931 378 in
957 317 1036 379 Mat-

82 409 220 474 thaeum,
243 421 306 464 non
326 405 442 474 sotum,
467 413 502 462 nt
522 420 542 462 a
563 403 651 462 motis
668 401 822 480 prioribus
844 400 1033 469 desistamus,

82 508 186 552 oernm
201 489 288 547 etium
299 486 487 544 othonorum
500 501 623 563 operum
633 484 738 562 [ructo
748 483 938 562 impleamur.
946 483 1036 556 Quod

82 577 182 634 antem
210 566 371 630 satisfactio
394 567 482 643 ipsa,
506 567 583 626 idest
612 568 841 640 compensatio,
865 584 922 642 qua
945 567 1036 626 horno

81 651 283 732 propeccatis
304 649 472 730 commissis
494 647 558 707 Deo
579 647 693 723 aliquid
706 647 862 724 impendit,
886 650 914 707 in
931 647 1036 709 Sacra-

83 742 184 798 mento
207 731 409 793 Paenitentiae
432 749 448 790 a
470 727 682 792 Sacerdotibus
704 729 904 805 imponenda,
928 729 1037 792 Divina

84 821 122 879 sit
133 817 312 877 auctoritate
327 813 472 880 instituta,
492 812 719 872 evidentissime
734 815 860 870 testatur
872 813 949 872 inter
964 814 1037 875 aiios

84 900 114 964 S.
132 900 192 958 Leo
213 897 339 975 Magnus
361 893 438 970 Papo
461 895 491 954 iu
508 891 642 974 Epistola
656 890 809 952 cxxxi]
818 893 891 953 alias
906 893 977 956 xo!
998 897 1035 957 ad

82 982 276 1043 Theodorum
297 975 537 1055 Forojuliensem
554 976 750 1054 Episcopum.

125 1062 183 1124 lx.
207 1059 422 1137 Explicandum
446 1059 494 1118 hic
517 1059 586 1118 iilud
609 1075 726 1124 censeo,
744 1057 822 1132 qrrod
845 1057 966 1118 mandat
986 1057 1037 1119 Ri-

84 1146 177 1214 tuafe,
194 1141 427 1203 Satisfactionem
443 1159 551 1218 nempe
573 1141 684 1200 debere
699 1155 765 1199 esse
781 1141 1038 1217 proportionatam

86 1227 225 1304 gravitati
247 1225 418 1286 criminum.
442 1221 526 1283 Haec
549 1224 660 1299 quippe
686 1226 824 1281 veterum
848 1230 893 1282 est
914 1221 1038 1284 Petrum

86 1309 219 1369 doctrina
235 1307 264 1364 in
279 1306 369 1366 variis
377 1304 514 1365 Consiliis
530 1303 717 1371 confirmata,
728 1308 759 1364 et
770 1304 930 1366 novissime
945 1308 1036 1366 etiam

85 1393 114 1450 in
137 1389 311 1450 Tridentino
326 1385 399 1464 Cap.
418 1385 488 1446 vlit
510 1385 656 1446 Sessionis
671 1383 757 1445 xit:
774 1384 884 1443 Debent
900 1405 977 1466 erpo,
993 1389 1038 1446 in·

85 1473 159 1548 quit,
184 1468 357 1532 Sacerdotes
379 1467 510 1535 Domini,
535 1477 680 1546 qnantum
702 1466 835 1546 spiritns,
859 1477 886 1527 et
904 1469 1039 1548 proden-

85 1556 130 1614 tia
143 1551 324 1630 sappessorit,
343 1569 401 1630 pro
416 1549 558 1628 qualitate
580 1548 753 1618 eriminum,
779 1557 805 1607 et
823 1551 1038 1627 poenitentiam

85 1636 238 1712 facultate,
262 1633 422 1698 solutares,
448 1639 474 1690 et
488 1632 689 1691 conceoientes
702 1631 921 1708 satisfactiones
933 1633 1039 1713 injen-

8 1787 10 1792 .
86 1734 163 1795 pere.
187 1714 330 1791 Superest
350 1732 448 1782 nunc,
472 1719 507 1773 ut
527 1729 598 1774 cnm
620 1710 768 1773 Juvenino
789 1714 886 1772 varias
909 1717 1039 1776 rationes

1 1861 10 1868 ,
86 1813 305 1861 recenseamus,
331 1795 438 1872 quibus
450 1794 665 1855 Satisfactionis
680 1795 898 1866 necessitatem,
914 1815 1040 1874 propor-

85 1881 209 1946 tionem,
233 1883 264 1938 et
285 1877 416 1938 fructum
439 1876 618 1942 confirmat,
643 1893 678 1934 ac
700 1878 817 1953 probat.
841 1875 942 1937 Prima
963 1879 1038 1940 ratio

84 1963 198 2038 petitur
219 1977 256 2020 ex
278 1977 326 2026 eo,
350 1959 429 2036 quod
452 1961 529 2023 inter
552 1959 730 2035 praecipuos
745 1957 954 2020 satisfactionis
976 1958 1039 2022 fru-

48 2053 50 2060 ‘
84 2050 152 2104 ctus
173 2043 322 2102 recenseri
344 2042 455 2102 debeat
474 2041 648 2100 vitiosorum
682 2039 839 2100 habituum
856 2041 1036 2101 emendatio.

79 2124 190 2184 vAltera
206 2123 281 2184 ratio
303 2131 358 2197 est,
383 2141 441 2198 qua
456 2124 560 2184 nititur
576 2122 819 2198 proportionatae
840 2125 971 2200 peccatis
992 2141 1039 2183 sa·

84 2204 259 2268 tisfactioois
281 2205 450 2271 necessitas,
474 2206 502 2262 in
524 2221 562 2264 eo
590 2205 685 2281 posita
706 2208 774 2275 est,
798 2207 832 2262 ut
853 2211 923 2281 apta
944 2207 982 2265 sit
1002 2205 1039 2266 ad

84 2288 280 2368 avertendam
302 2287 506 2348 imminentem
528 2303 546 2346 a
567 2283 697 2345 Domino
718 2302 856 2362 poenam.
880 2285 980 2346 Tertia
996 2305 1040 2346 ra·

84 2372 134 2432 tio.
150 2387 240 2446 quam
262 2367 397 2447 Synodns
419 2369 592 2429 Tridentino
606 2367 749 2437 adhibet,
772 2372 806 2428 ut
827 2369 1039 2429 satisfactionis

83 2453 215 2530 peccatis
238 2451 394 2530 cong‘ruae'
411 2452 616 2512 necessitatem
638 2449 848 2518 demonstret,
872 2451 1040 2513 desumitur

84 2552 125 2594 ex
146 2532 368 2601 conformitate,
393 2551 481 2610 quarn
505 2533 630 2610 quisque
646 2533 801 2610 poenitens
822 2531 911 2592 debet
926 2533 1039 2596 hahere

85 2633 156 2676 curn
171 2613 312 2684 Christo,
336 2633 427 2692 quern
456 2615 537 2674 Deus
552 2613 640 2676 Pater
669 2613 792 2691 singuiis
820 2615 1040 2689 poenitentibus

83 2695 123 2759 ad
145 2697 318 2774 ererrrphrm
340 2697 504 2774 proposuit.
528 2695 622 2755 Porro
645 2699 757 2772 opera,
791 2697 901 2772 quihus
923 2694 1040 2756 satisfa-

85 2796 155 2840 cere
170 2777 234 2838 Deo
245 2791 420 2857 possumus,
446 2795 586 2856 quaeque
606 2777 812 2839 Confessarius
834 2778 864 2838 in
885 2779 1041 2856 poeniten·

85 2862 160 2922 tiam
182 2865 378 2939 peccatorum
400 2863 555 2938 imponere
570 2859 672 2930 debet,
685 2860 787 2920 reduci
803 2877 889 2937 posse
911 2861 947 2940 ad
963 2860 1040 2920 haec

85 2942 156 3010 tria,
181 2943 345 3002 orationem
361 2944 485 3014 scilicet,
501 2941 663 3019 jejunium,
680 2945 711 3002 et
725 2943 960 3020 eleemosynam,
979 2947 1040 3001 tra·

86 3021 163 3084 dunt
176 3022 289 3103 Synodi
305 3027 426 3102 passim,
452 3024 752 3101 itemqueEugenins
767 3022 846 3099 Papa
862 3023 904 3084 tv
927 3025 955 3083 in
970 3023 1041 3082 Ffo-

82 3105 204 3166 rentino
226 3107 366 3168 Generati
387 3105 529 3168 Concilio.
553 3103 725 3165 Revocatur
746 3110 849 3166 autem
871 3107 907 3165 ad
930 3105 1041 3164 oratio·

86 3205 156 3248 nem
179 3204 387 3266 quaecumque
406 3190 471 3250 Deo
492 3189 629 3266 proxime
651 3185 848 3257 exhibentur,
870 3193 904 3248 nt
924 3185 1039 3248 Sacrifi-

87 3269 180 3336 cium,
206 3269 282 3339 ians,
306 3271 580 3347 gratiarumactio,
605 3268 779 3337 meditatio,
802 3270 1038 3351 contemptatio,

86 3349 206 3434 piorum
233 3353 380 3414 librorum
403 3353 490 3414 tectio
511 3351 548 3412 ad
565 3350 788 3412 meditationem
811 3353 906 3428 ipsam
929 3357 1041 3412 etora·

87 3429 198 3492 tionem
221 3433 428 3516 ordinataf'hd
450 3432 596 3514 jejunium
620 3434 732 3502 omnia,
755 3433 862 3510 quihus
884 3444 962 3494 caro*
977 3451 1041 3494 ma·

87 3515 186 3572 cerari
207 3521 238 3576 et
258 3517 396 3594 castigari
418 3519 510 3588 solet,
534 3533 642 3596 normas
670 3516 815 3592 asperitas
829 3516 928 3578 rictus
949 3521 1042 3576 etre-

86 3595 185 3670 stitus,
209 3597 350 3676 vigiliae,
375 3599 460 3664 humi
482 3599 668 3672 cubationes,
685 3595 919 3676 genuflexiones,
943 3604 1041 3661 terrae
