2567 4042
626 127 853 244 maenaa·

267 321 335 364 mus
357 303 416 362 hoe
432 301 527 362 laudis
549 301 743 362 sacrificium.
769 303 946 380 Appellatao
968 301 1059 360 etiam
1074 303 1141 358 sunt
1158 297 1203 356 hu-

174 422 186 442 .
265 384 398 462 jusmodi
422 401 526 461 preces
548 381 651 443 Horae
676 383 858 454 Cononieoc
883 384 951 460 quia
974 403 991 443 a
1014 379 1133 456 regulis,
1154 379 1204 438 site

269 465 386 543 legibus
402 465 555 526 Ecclesiae
572 483 650 542 quae
668 465 804 528 Conones
832 470 994 532 vocantur,
1018 461 1204 538 praescriptae

269 552 352 618 sunt,
375 547 423 608 vel
439 547 539 624 potius
561 548 628 623 quia
646 549 766 608 statutis
782 548 864 607 horis
886 548 960 611 tates
982 561 1085 621 preces
1106 541 1141 600 ab
1160 541 1204 600 lic-

266 629 357 689 clesia
379 629 549 688 recitandae
572 636 652 689 sunt.
687 628 719 689 S.
743 629 945 690 Columbanus
976 627 1005 685 in
1029 643 1084 685 sua
1105 621 1205 696 Regula

265 709 337 788 Cap.
357 708 395 769 tt
418 711 585 786 praedictas
608 729 713 787 preces
733 710 863 772 Cursum
886 708 1026 785 appellat,
1051 712 1081 765 et
1096 704 1125 764 S.
1142 703 1206 764 ure-

265 793 367 870 gorius
381 791 562 852 Turonensis
583 792 650 851 Lib.
667 790 681 852 l
703 793 740 851 de
758 791 864 854 Gloria
886 789 1063 868 Martyrum
1084 789 1125 847 ait
1142 803 1205 860 opus

264 892 330 933 ase
346 875 550 950 conscriptum
573 873 666 933 luisse
689 874 725 940 de
744 871 887 934 Cursibus
900 869 1119 933 Ecclesiastio's,
1140 865 1207 943 quod

212 953 216 958 ’
264 955 375 1016 etalio
398 955 463 1014 loco
485 957 615 1033 repetit:
647 953 825 1031 Ercorpouto
847 951 955 1014 Abbotc
978 970 1045 1012 cum
1066 949 1206 1011 Mouoolis

265 1035 306 1109 nd
322 1035 533 1097 celebrandum
555 1033 694 1118 officium.
720 1034 805 1096 Circa
829 1037 959 1095 medium
983 1039 1086 1094 antem
1109 1029 1207 1091 saeculi

200 1185 205 1194 .
265 1116 322 1176 Vll
338 1115 492 1177 Romanus
511 1120 625 1181 Cursus
639 1121 895 1177 commemoratur
920 1116 947 1175 in
970 1115 1040 1176 Vita
1056 1113 1088 1173 S.
1102 1110 1206 1172 Alberti

265 1199 403 1259 Abbatis.
429 1200 511 1259 ldem
535 1200 668 1258 divinum
692 1199 823 1258 ollieinm
847 1199 875 1256 in
897 1198 1011 1275 Regula
1035 1195 1066 1255 S.
1085 1191 1204 1255 Pacomii

267 1281 393 1344 Collecto
409 1281 528 1340 dicitur.
552 1281 585 1340 ln
608 1281 814 1355 compluribus
829 1281 966 1339 Conciliis
979 1274 1103 1356 Apenda
1118 1273 1206 1352 appel·

262 1363 353 1423 latur.
377 1359 760 1439 Nonnunquam-Officium
784 1362 915 1421 divinum
938 1361 1106 1438 appellatur
1126 1358 1206 1418 otiam

211 1498 221 1520 ,
269 1441 350 1522 Opus
371 1441 541 1519 Del.,quorl
565 1449 687 1522 propter
702 1443 797 1503 lloum
821 1442 952 1502 laborem
978 1442 1063 1500 illurn
1086 1443 1206 1498 sanetum

263 1526 438 1596 subeamus,
463 1533 617 1601 umquam
634 1526 772 1584 homines
788 1527 922 1585 servituti
944 1521 1150 1614 ejus·devoti;
1170 1521 1207 1577 at-

263 1623 321 1682 que
341 1605 426 1683 juxta
449 1607 578 1666 aliorum
603 1606 743 1682 loquendi
765 1609 920 1674 rationem,
945 1604 1078 1664 officinm
1092 1602 1206 1660 servitu·

263 1688 302 1746 tis
325 1693 443 1748 nostrae
465 1706 537 1765 erga
559 1689 679 1756 Deum,
704 1688 833 1748 Peneum
856 1689 1021 1749 seruitutis.
1048 1687 1081 1746 ln
1103 1680 1207 1758 Regula

263 1767 294 1828 S.
318 1769 471 1829 Benedicti
493 1787 614 1845 semper
645 1787 717 1850 opus
739 1769 795 1830 Dei
817 1771 997 1848 appelletur.
1031 1765 1146 1828 Graeci
1160 1761 1208 1824 Co·

262 1865 366 1908 nonem
389 1851 452 1911 sive
475 1851 623 1930 Synnaeim
646 1852 720 1911 illud
744 1860 871 1919 vocant,
896 1850 974 1926 qriod
996 1848 1082 1927 juxta
1103 1845 1207 1909 Cassie-

262 1949 334 1993 num
357 1929 461 1992 fidelos
482 1935 518 1991 nd
541 1933 692 1999 canendos
713 1931 847 1994 Psalmns
870 1932 1074 1994 convenirent.

301 2012 341 2072 ll.
365 2012 451 2093 Quod
481 2013 517 2072 ad
544 2013 702 2075 Breviorii
729 2014 957 2091 appeliationem
981 2012 1110 2076 attinet,
1139 2024 1207 2084 qliae

262 2095 410 2156 haetenus
442 2096 522 2172 viget
552 2115 671 2172 queque
692 2094 840 2155 moinum
867 2093 1000 2178 Officium
1028 2095 1120 2155 hodie
1139 2089 1207 2149 riesi-

264 2177 348 2254 gnari
370 2178 470 2239 solet.
501 2178 570 2238 inde
594 2178 718 2237 tortasse
741 2184 844 2237 exorta
866 2183 934 2244 est,
964 2177 1044 2252 quod
1075 2171 1207 2248 temporis

262 2261 403 2319 successit
427 2258 514 2318 valde
539 2263 725 2318 contractum
751 2258 842 2318 luerit
864 2259 1026 2335 praecipue
1051 2257 1129 2335 apud
1150 2253 1207 2312 lio·

262 2340 384 2400 nachos.
409 2340 550 2400 Testatur
573 2341 604 2400 S.
622 2339 811 2407 Benedictus,
837 2359 868 2398 so
892 2340 964 2400 illud
988 2339 1024 2398 ad
1046 2340 1205 2398 breviorem

259 2421 389 2482 [ormam
421 2422 596 2498 redegisse3
620 2423 707 2482 antea
740 2421 886 2497 siquidem
917 2425 1013 2481 totum
1037 2416 1205 2482 Psalterium

260 2504 393 2579 quotidie
416 2505 610 2564 recitabatur:
634 2503 698 2577 ipse
721 2521 794 2562 vero
818 2506 858 2562 ita
882 2519 946 2561 rem
969 2503 1158 2578 composuit,
1180 2501 1206 2556 ut

194 2588 198 2598 '
260 2584 353 2644 semel
378 2591 492 2645 tantum
514 2587 546 2644 in
566 2573 754 2654 bebdor‘nada
777 2584 995 2644 absolveretur.
1019 2583 1205 2645 Breeioriunr

260 2666 447 2736 dictumest,
471 2669 555 2728 breue
575 2664 734 2732 Ororium,
759 2667 821 2725 sive
836 2683 958 2742 precum
982 2668 1125 2742 epitome.
1147 2659 1205 2721 tiu

258 2746 406 2824 Breviorii
430 2766 536 2808 nomen
559 2728 770 2826 pervulgatum
787 2754 851 2806 erat
865 2745 1020 2825 bliorologi
1043 2765 1138 2813 aevo,
1160 2740 1203 2817 qui

260 2830 341 2888 cirea
363 2828 511 2889 an.1180
533 2832 664 2907 nitebat.
689 2827 768 2888 Olim
791 2828 930 2888 lllonachi
954 2829 1140 2889 Breviarium
1161 2839 1204 2898 ap·

258 2911 412 2988 pellebant
431 2908 570 2971 Officium
590 2954 598 2980 ‚
622 2911 701 2988 qrrotl
726 2911 782 2970 iter
804 2909 946 2970 iacientes
972 2919 1059 2971 extra
1082 2910 1202 2971 chorum

259 2993 445 3054 recitabant:
477 2993 586 3052 esolis
613 2994 693 3053 enim
724 2992 901 3052 lectionibus
931 2991 1051 3060 Officii.
1084 2992 1159 3070 qriorl
1179 2986 1203 3044 iu

255 3069 359 3134 Choro
374 3074 550 3142 canebatur,
574 3074 766 3140 contractis,³
776 3091 910 3149 qrrasque
925 3093 1028 3134 secum
1045 3073 1201 3150 portabant.

259 3155 333 3217 illud
356 3153 519 3215 conllatum
542 3160 619 3215 erat.
654 3154 759 3231 ltaque
782 3173 837 3232 per
859 3155 1004 3217 hactenus
1027 3157 1104 3217 diota
1126 3151 1201 3214 leole

258 3236 426 3304 conficitur,
450 3237 596 3298 Breviorii
612 3239 842 3314 appeliationem
867 3229 989 3298 tndttbm
1008 3238 1101 3299 luisse
1122 3235 1201 3296 eolle-

258 3321 348 3378 ctioni
366 3337 501 3396 precum.
525 3337 564 3379 ex
579 3319 689 3395 quibus
703 3316 844 3379 Ollioinm
858 3325 984 3389 constat,
1008 3321 1086 3396 quod
1109 3321 1136 3379 in
1151 3312 1201 3376 Ec·

257 3399 347 3480 clesia
369 3401 462 3459 variis
483 3400 542 3470 diei
564 3407 596 3460 et
618 3401 711 3460 noctis
742 3401 826 3461 horis
849 3403 1015 3472 recitatum
1050 3410 1138 3480 etque
1163 3414 1199 3456 ῦθ·

257 3482 355 3556 quiori
370 3499 444 3541 aero
459 3479 615 3541 Breoiorii
635 3499 745 3543 nomen
762 3483 803 3540 illi
819 3485 991 3562 impositum
1010 3527 1018 3553 ,
1041 3486 1103 3544 sivo
1124 3477 1195 3559 quod

256 3567 343 3622 retus
365 3561 494 3622 officium
517 3568 705 3624 contractum
727 3563 835 3636 luerit,
859 3567 922 3626 sivo
943 3567 1024 3642 quod
1047 3566 1118 3627 baec
1139 3559 1197 3624 Col
