2567 4042
470 193 695 266 *ellim*

99 321 228 384 aerfibus
248 324 347 400 parari
371 321 457 389 solet,
474 330 508 384 ut
529 321 590 383 late
610 322 742 401 explicat
764 321 902 385 Gatticns
917 323 960 384 De
979 321 1056 383 Orn-

99 408 192 466 torir'a
205 402 391 465 Domesticic.
416 402 528 465 Didert
542 407 618 466 ritus
632 406 697 481 ipse
713 404 932 467 Benedictionis
948 424 964 465 a
979 402 1056 467 Con·

102 486 296 557 sectatione,
322 487 401 563 quod
425 488 454 545 in
476 488 533 547 ista
554 486 688 566 majores
710 488 968 564 solemnioresque
990 486 1060 549 cae·

101 571 255 629 remoniae
287 568 513 640 adhibeantur,
544 573 576 629 et
606 568 782 645 quidema
811 570 874 629 solo
896 567 1056 647 Episcopo.

101 648 303 722 Quandonam
326 651 514 711 introductus
535 650 628 711 luerit
650 650 829 729 hujusmodi
851 653 924 711 ritus
947 668 964 709 a
984 651 1059 713 Con-

102 734 272 793 secratione
294 731 461 802 distinctus,
479 750 539 793 non
561 736 690 793 ostiam
713 731 802 791 facile
825 730 963 801 definire3
987 749 1060 793 non-

102 813 179 874 nulli
200 813 374 875 existimaut
403 815 610 875 introductum
626 814 713 873 illum
735 810 830 873 luisse
853 818 919 891 post
935 816 1058 875 nimiam

13 896 17 905 '
103 891 311 956 Ecclesiarum
334 894 623 971 multiplicationem
651 894 752 970 Atque
776 895 834 955 hac
857 896 972 957 ratione
995 915 1059 958 ma·

18 985 23 1014 1
1046 1012 1060 1024 .

96 974 184 1119 itt}
205 975 861 1138 ἷιιὲιὲιιἒιῖἓέἓΐέιιζιιιιίἓὲιιιιῗ
886 979 1057 1155 ξὲιιῖιῖιι

97 1140 300 1209 desideratur,
325 1157 379 1217 pro
403 1142 571 1203 minoribus
593 1158 667 1201 vero
689 1139 891 1200 Benedictio
886 1142 986 1201 minus
1008 1160 1056 1203 so

99 1222 232 1293 lemnis,
256 1235 373 1297 quaea
396 1240 585 1299 quocumque
608 1221 770 1283 Sacerdote
800 1222 837 1281 de
858 1218 997 1299 Episcopi
1021 1226 1056 1284 li-

96 1305 196 1364 centia
218 1304 321 1381 peragi
344 1308 452 1378 potest.
476 1304 580 1377 Quoad
603 1303 744 1363 Oratoria
761 1302 879 1381 privata
903 1306 974 1364 satis
997 1312 1054 1373 ast,

10 1411 11 1462 p
99 1389 134 1444 ιιι
155 1390 317 1463 antequam
333 1382 519 1445 Sacrificium
535 1389 644 1447 Missae
667 1385 749 1445 iniis
771 1384 957 1453 celebretur,
976 1403 1053 1461 aqua

97 1467 257 1528 benedicta
278 1472 488 1559 aspergantur,
512 1472 543 1528 et
564 1486 656 1545 super
677 1467 727 1527 illa
749 1468 895 1527 recitetur
918 1484 1055 1527 commu·

98 1550 155 1620 nis,
181 1564 215 1608 ac
239 1549 387 1626 generalis
411 1551 536 1622 precum
558 1550 701 1617 formula,
718 1566 810 1623 quam
833 1564 888 1621 pro
911 1566 988 1609 nova
1003 1550 1055 1608 bc-

97 1630 262 1691 nedicenda
284 1628 381 1689 Domo
403 1627 524 1691 Rituale
547 1631 696 1709 proponit
721 1632 761 1691 Et
787 1630 863 1692 ratio
886 1638 958 1702 est,
984 1633 1054 1709 quia

10 1727 11 1750 ³
96 1706 240 1774 Oratoiia
268 1712 318 1771 tila
340 1729 399 1771 non
422 1720 568 1789 perpetuo
590 1714 655 1774 ileo
687 1713 900 1780 devoventur,
925 1710 975 1773 sed
1000 1725 1054 1790 pro

97 1793 183 1855 libito
204 1794 301 1861 illius,
326 1794 377 1871 qni
400 1793 511 1888 gaudet
533 1794 712 1872 hujusmodi
732 1791 851 1853 indulto
872 1796 910 1853 ab
926 1794 1055 1872 Aposto-

97 1876 155 1935 lica
170 1875 247 1935 Sede
269 1874 434 1945 obtento,'
427 1893 456 1933 m
470 1873 544 1935 alios
565 1894 637 1937 usus
660 1876 793 1935 converti
808 1873 906 1935 solent
893 1880 916 1945 t,
934 1877 982 1936 vol
998 1878 1055 1937 sal

10 1991 11 1998 ι
35 2007 38 2012 .
97 1963 159 2017 tem
184 1962 251 2035 post
272 1956 350 2015 illius
372 1963 502 2017 mortem
525 1956 679 2017 Sacrificio
701 1956 1004 2033 inepta'reddnntur.

140 2036 181 2098 ll.
204 2038 302 2099 Causa
324 2037 420 2116 hujus
441 2038 659 2099 Benedictionis
675 2038 731 2107 est,
755 2041 789 2096 ut
810 2036 955 2102 Ecclesia,
975 2056 1053 2113 qnae

10 2185 11 2192 ,
95 2126 143 2181 cst
164 2120 282 2179 Domus
297 2119 366 2187 Dei,
390 2125 530 2195 tanquam
553 2121 636 2179 locus
658 2137 753 2185 sacer,
771 2119 800 2177 in
824 2117 941 2196 majore
958 2118 1052 2180 lrono-

10 2195 11 2230 *
95 2219 129 2261 re
151 2206 185 2263 et
205 2202 395 2261 veneratione
418 2202 457 2261 sit
478 2202 556 2278 apnd
578 2198 703 2269 fideles,
728 2204 761 2261 ut
782 2202 870 2260 docet
889 2200 1052 2279 Angelicus

10 2299 11 2306 ¹
96 2281 210 2343 Doctor
232 2282 252 2341 3
267 2301 298 2359 p.
315 2302 366 2359 qu.
384 2280 426 2341 83
440 2289 498 2343 art.
513 2284 542 2344 3.
557 2282 710 2343 Ministros
725 2282 841 2357 aliquot
856 2284 988 2359 postulat
1002 2283 1054 2342 lli·

96 2366 182 2426 tuale
202 2373 259 2441 pro
283 2363 340 2423 hac
362 2364 585 2434 Benedictiono‚
610 2370 734 2426 et'vere
756 2365 886 2425 Ministri
908 2367 977 2423 sunt
999 2382 1050 2424 ne·

95 2446 220 2507 cessarii
242 2444 280 2505 ad
297 2444 492 2522 psallendum,
511 2452 542 2507 ct
563 2447 600 2507 ad
617 2447 822 2523 pluralitatem
839 2464 944 2505 rernm
960 2462 1050 2523 agen-

93 2530 204 2589 darum
226 2527 256 2585 in
278 2527 328 2586 illa
349 2534 411 2588 tam
433 2532 518 2588 extra
541 2526 723 2595 Ecclesiam,
751 2544 841 2603 quam
864 2528 941 2586 intra
961 2548 969 2595 3
995 2546 1050 2589 nec

95 2628 186 2680 uuus,
210 2610 260 2669 vel
281 2608 340 2668 duo
362 2610 526 2670 sufficiunt.
547 2608 690 2685 Aspersio
712 2626 782 2668 cum
798 2626 876 2684 aqua
893 2609 1050 2669 benedicta

17 2734 26 2745 .
94 2689 130 2752 lit
149 2690 189 2750 ob
212 2691 423 2767 purgationem
451 2696 483 2750 et
503 2688 768 2751 sanctificationem
791 2688 858 2749 loci.
879 2688 984 2752 Vacua
998 2692 1051 2751 in-

94 2790 188 2851 super
202 2771 292 2832 debet
314 2790 378 2832 esse
393 2773 538 2841 Ecclesia,
556 2777 609 2834 seir
624 2770 810 2832 Oratorium
829 2771 935 2833 Vacua
950 2774 1049 2849 quoad

10 2843 11 2891 i
93 2871 240 2917 scamna
264 2870 318 2914 seu
338 2854 460 2914 Mensas
492 2862 523 2916 et
545 2872 633 2915 omne
655 2853 684 2911 id
707 2853 786 2930 quod
808 2860 854 2914 est
876 2855 1046 2917 amoribile

10 2970 11 3016 p
91 2933 188 2996 Unice
209 2934 325 2997 Tabula
345 2954 399 2996 seu
421 2936 491 2997 Ico'n
507 2936 619 2995 ditaris
641 2936 765 2997 tolerari
786 2924 885 3003 debet,
903 2938 941 2996 ob
957 2952 1048 3012 grave

10 3020 11 3042 ¹
91 3018 320 3078 incommodum
344 3017 427 3078 illam
456 3017 620 3077 collocandi
643 3018 719 3079 adeo
741 3023 902 3094 prompte,
927 3024 960 3079 ut
984 3024 1049 3094 post

89 3098 339 3161 Benedictionem
369 3101 463 3177 possit
484 3099 513 3159 in
535 3100 645 3160 taciem
667 3100 748 3183 illius
777 3096 924 3159 celebrari
945 3098 1047 3160 lllissa.

89 3177 182 3241 Ratio
205 3180 298 3258 lruju's
321 3182 461 3242 nuditatis
482 3184 529 3242 e'st
550 3182 642 3266 quia,
667 3168 735 3241 curn
753 3178 890 3241 nondum
914 3180 979 3242 lleo
1002 3199 1049 3241 sa

87 3280 144 3323 cer
167 3263 207 3323 sit
228 3262 405 3332 illelmus,
429 3270 605 3324 ornamenta
630 3223 666 3323 et
686 3260 908 3339 suppellectiles
937 3264 1050 3324 habere

89 3363 152 3404 non
169 3343 262 3405 debet
276 3361 355 3419 quae
374 3344 440 3405 loco
455 3360 540 3405 sacro
555 3345 614 3405 sint
629 3344 853 3405 convenientes.
871 3344 976 3423 Atque
988 3347 1047 3406 hoc

88 3426 205 3503 passim
228 3426 344 3486 obtinet
365 3427 455 3487 etiam
484 3428 513 3485 in
535 3425 946 3504 pollutioneEcclesiarum,
971 3445 1049 3505 quae
1166 3447 1169 3453 ·

88 3506 273 3567 immediate
292 3508 374 3567 omni
388 3525 474 3569 sacra
488 3508 683 3585 suppelectile
698 3508 900 3577 denudantur,
918 3528 953 3569 co
970 3510 1048 3586 quod

89 3588 180 3649 iocus
200 3586 251 3648 ille
272 3606 331 3648 non
353 3589 482 3671 amplius
503 3607 590 3651 sacer
604 3597 662 3653 est.
679 3588 794 3669 Populo
815 3591 937 3667 insuper
950 3594 1050 3651 uacua

234 3682 293 3737 Vol.
313 3687 334 3737 l.
894 3685 912 3737 9
