2567 4042
479 182 704 259 *sentieme-

112 320 145 376 et
172 313 317 376 incrinus
344 315 387 374 Dc
415 313 617 390 sacramentis
648 317 860 379 Dissertatione
888 315 943 378 Vi.
967 317 1068 380 Sumi-

113 405 162 459 tur
184 412 292 474 nempe
315 397 413 474 primo
434 415 489 474 pro
511 405 624 476 poene,
648 415 708 475 qua
727 401 802 476 qrris'
817 400 982 461 admissum
1003 419 1067 464 sce’·

113 479 161 542 ius
184 481 319 558 castiget.
343 479 478 540 Sumitur
503 482 635 541 secundo
662 497 720 558 pro
740 481 809 541 odio
837 483 1068 544 neomesiam
1171 508 1173 513 ·

113 579 151 624 ue
178 564 257 622 sitne
278 561 405 622 ceteris.
428 561 564 623 sumitur
587 564 676 624 tertio
703 578 758 640 pro
783 565 987 642 resipiscentia
1013 579 1068 628 seu

114 657 170 724 pro
194 645 358 704 mutatione
386 645 505 720 iniquae
531 645 611 705 vitee
633 647 744 707 veteris
771 647 801 705 in
831 665 939 706 novam
962 647 1065 718 eiiam,

114 743 193 804 quac
219 727 270 804 ‘pin
298 726 337 786 sit
363 729 455 801 atquc
482 734 595 788 sancis.
618 723 966 807 Proster'muitipiicem
990 727 1069 790 hanc

106 809 315 886 ‘poenitentiae
337 807 593 886 significationem,
610 811 756 888 recipitur
776 821 831 887 pro
853 827 927 871 vero
949 824 984 872 ac
999 826 1068 888 pro·-

107 893 179 968 ·prio
199 890 279 951 dicto
301 888 404 950 Novae
426 889 514 967 Legis
536 891 774 958 Sacramentma
794 890 916 952 Christo
938 891 1067 955 Domino
1085 927 1090 940 ι

114 973 262 1042 instituto,
279 991 339 1050 quo
362 978 485 1050 peecata
508 977 574 1050 post
588 974 774 1052 Baptismum
790 977 952 1036 commissa
967 976 1068 1036 deten-

115 1059 167 1115 tur
182 1073 195 1130 :¹
214 1063 303 1130 etque
335 1055 372 1114 de
395 1055 453 1114 hoc
476 1056 597 1129 quidem
627 1059 656 1114 in
678 1059 826 1134 praesenti
848 1059 975 1135 egimus.
1000 1055 1067 1118 Hoc

106 1136 340 1198 'Sacramentum
364 1137 441 1212 spuet
464 1135 515 1196 SS.
541 1135 798 1216 Patres-pluribus
825 1139 1068 1216 nominibusnp»

114 1219 257 1296 peitatem
281 1225 336 1288 est3
360 1219 473 1278 dictum
499 1225 545 1280 ost
567 1220 678 1298 quippe
693 1218 872 1299 Mysteriom
893 1220 1069 1282 reconcitie-

114 1300 215 1370 tionis,
242 1299 426 1370 Remedium,
442 1298 647 1379 indesinentia,
661 1299 813 1370 Remissio,
831 1302 998 1382 Crucifimio
1018 1304 1069 1362 ice-

108 1383 205 1441 minis
225 1381 398 1451 interioris,
424 1379 521 1441 cordis
543 1383 733 1460 confractio,
756 1382 885 1444 secundo
904 1394 970 1463 post
991 1403 1068 1444 nate-

105 1463 248 1544 ‘srcoiem
269 1465 382 1532 toenio,
407 1463 568 1524 laboriosos
588 1463 785 1542 Baptismus,
808 1470 962 1526 moenem
977 1468 1067 1526 etiam

103 1545 265 1624 impositio
286 1563 303 1604 a
326 1546 516 1607 caeremonia
541 1547 615 1606 otim
636 1547 665 1606 in
686 1565 743 1608 usu
758 1547 860 1608 habite
881 1563 949 1608 cum
972 1545 1066 1608 absoi

112 1628 243 1687 rebatur
264 1627 428 1704 poenitens.
444 1625 499 1705 De·
510 1627 557 1687 his
583 1628 789 1706 similibusque
805 1629 1004 1710 poenitentiae
1019 1627 1068 1690 ati

113 1707 329 1786 pollutionibus
349 1708 471 1787 copiose
496 1714 588 1786 egunt
613 1708 784 1771 Notarium
801 1735 824 1783 ,·,
839 1710 975 1774 Morinos
1002 1710 1068 1771 atti-

113 1805 185 1866 que.
208 1789 331 1850 Habent
350 1797 380 1852 et
401 1789 507 1851 Graeci
523 1807 611 1854 voces
634 1806 704 1852 suas
725 1792 762 1851 ed
790 1794 1020 1872 exprimendum
1036 1793 1067 1854 id

105 1871 196 2012 wod
218 1871 314 1931 Latini
329 1871 495 1950 significant
512 1873 631 1934 nomine
646 1872 858 1942 Poenttenetae,
882 1880 1065 1947 Meretrice,

150 1953 312 2025 ciconiam,
335 1951 566 2028 Εξομολογησιν,
591 1953 827 2032 Emomotoocsin,
849 1962 880 2018 et
893 1961 1065 2029 Emisenos,

113 2031 292 2110 Epitimiom
310 2040 464 2094 Menoecea
479 2037 560 2098 idem
581 2045 668 2098 sonet
689 2054 724 2098 ec
740 2035 970 2116 Resipiscentia3
986 2039 1068 2100 Exo-

112 2117 274 2194 mologesis
297 2119 375 2179 idem
392 2117 539 2196 significat
559 2120 701 2180 sciatisne
721 2118 884 2191 Confessi03
904 2126 1067 2193 Επιτιμιον

110 2197 241 2276 denique
262 2199 342 2260 idem
365 2205 421 2270 est,
446 2218 480 2260 ec
503 2219 609 2278 poena,

153 2278 193 2340 il.
218 2281 392 2342 institutum
415 2282 507 2344 inisse
528 2283 681 2346 aChristo
695 2284 825 2344 Domino
840 2283 1067 2346 Sacramentum

109 2359 326 2430 {mentientium
351 2371 381 2424 et
402 2365 522 2440 quidem
536 2372 602 2442 post
623 2367 692 2446 ejus
712 2363 986 2435 Resurrectionem,
1011 2365 1067 2428 Pa-

110 2448 174 2504 tres
195 2463 291 2524 aeque
313 2463 350 2506 ec
363 2446 509 2524 Theologi
529 2447 647 2510 docent.
670 2447 764 2507 Porro
789 2465 859 2509 curn
879 2449 940 2526 hoc
960 2449 1067 2510 Sacra-

111 2532 247 2588 mentum
263 2527 428 2590 efficecinm
444 2528 554 2589 hebeat
568 2531 734 2591 ex'virtute
747 2528 884 2590 Nominis
896 2529 968 2592 iesu
980 2530 1067 2592 Chre

109 2611 149 2670 sti
171 2612 309 2687 potientis
331 2617 362 2672 ct
384 2613 579 2690 resurgentis,
603 2612 963 2692 conveniensedrtrodum
987 2611 1065 2685 iuit,
1133 2610 1136 2615 ’

109 2699 146 2754 ut
166 2699 234 2768 post
253 2690 513 2753 Resurrectionem
536 2691 699 2754 Solvetoris
726 2685 820 2752 ‘nostri
841 2688 926 2770 piene
947 2710 982 2754 cc
1001 2711 1068 2773 per·

111 2775 189 2850 tecte
212 2773 443 2854 institueretur,
473 2781 503 2835 et
525 2775 570 2834 vis
591 2773 658 2854 ejus
681 2775 913 2851 praediceretur.
947 2776 1005 2838 Sed
1030 2782 1067 2840 ut

111 2855 364 2932 sanctissimum,
388 2873 464 2933 quae
487 2857 634 2918 innostro
655 2853 767 2917 utinen
788 2857 990 2927 eontinentur,
1013 2877 1068 2920 cr·

111 2938 279 3019 piicemus,
304 2943 386 2998 recto
413 2938 547 3015 proiecto
578 2940 646 3009 nit,
671 2938 750 3017 qnod
780 2937 822 2998 cti
850 2939 930 2999 ittet
960 2941 1068 3000 eonsti-
1141 2986 1144 2990 -

110 3017 255 3082 tuendum
279 3022 342 3080 tric
364 3029 554 3088 concurrant,
578 3017 711 3082 Materia
733 3017 840 3080 Forma
860 3029 889 3081 et
910 3019 1066 3088 Minister.

111 3101 151 3164 Ut
172 3119 245 3180 ergo
267 3102 380 3179 singulo
404 3104 620 3168 enucleemus,
645 3103 862 3162 cimeterium
890 3105 970 3179 quod
999 3103 1068 3164 citi·

112 3190 163 3246 net
177 3183 360 3244 Sacrameuti
375 3181 593 3254 poenitentiae,
610 3183 761 3266 <triplicem
783 3190 850 3244 ea‘m
872 3201 938 3244 esso
958 3184 1068 3249 nocent

114 3267 315 3327 communiter
337 3265 482 3342 Theologi
504 3284 573 3326 curn
595 3265 626 3325 S.
650 3264 769 3326 Thomu
790 3265 879 3326 Parte
903 3264 948 3325 lli
968 3265 1068 3349 Quae·

111 3347 207 3408 stione
221 3339 388 3408 LXXXIV
411 3347 547 3408 Artionio
562 3345 601 3407 li.
619 3345 759 3406 Proxime
776 3352 845 3408 soni
866 3351 950 3409 actus
965 3348 1066 3426 poeni

113 3430 212 3498 tentis,
236 3447 365 3507 quorum
388 3435 454 3491 tres
464 3430 558 3492 vetuti
574 3435 685 3506 partes,
710 3429 866 3490 contrictio
881 3433 1067 3504 constituent

112 3511 263 3589 confessio,
277 3521 304 3574 et
317 3511 490 3592 satisfactio.
502 3510 631 3572 Remota
646 3517 716 3572 suut
728 3518 849 3588 peccata
859 3514 984 3590 quaerit
1001 3506 1068 3591 post

111 3591 298 3671 Baptismum
313 3595 453 3655 admisso.
470 3593 584 3656 Formo·
601 3592 695 3672 hujus
711 3593 895 3656 Smremeoti
909 3603 980 3658 sunt
994 3595 1066 3656 iudi·
