2567 4042
599 162 823 236 &sciliben-

239 285 315 348 adeo
330 291 365 346 ut
382 303 399 346 a
414 293 536 364 peccato
551 307 606 352 suo
621 296 781 358 recessisse
796 299 905 358 nemini
920 309 1022 362 nomm
1037 304 1088 363 sit.
1105 303 1191 366 ¹Cum

240 370 319 430 euim
335 367 505 430 conseratur
521 388 574 446 per
589 374 712 436 modum
726 379 886 441 sanationis
900 383 1079 460 spiritualis,
1102 406 1194 464 prae·

240 452 379 528 supponit
400 454 492 512 vitam
514 454 723 530 spiritualem,
758 479 836 537 quae
864 483 917 542 per
939 468 1193 530 reconciliationis

239 535 465 596 Sacramentum
492 537 651 610 poenitenti
677 543 858 604 restituitur.
889 544 976 607 Hane
998 551 1147 610 rationem
1175 570 1194 611 a

240 616 402 700 Theologis
417 616 549 683 allatam,
567 618 726 682 confirmat
739 621 890 688 Ecclesiae
905 637 1051 706 perpetua
1061 651 1192 694 consue-

239 700 334 768 tudo,
366 717 442 776 quae
465 701 580 763 nonnisi
603 706 810 767 reconciliatos
841 716 872 770 et
887 719 1049 788 ,praeterea
1071 713 1195 776 viatico

239 783 378 858 Corporis
402 781 520 842 Domini
549 789 756 858 praemunitos
783 788 875 868 hujus
899 811 1002 854 sacrae
1025 793 1195 858 Extremae
1230 812 1234 823 ·

238 866 394 928 Unctionis
409 863 569 941 participes
584 863 665 925 iacit.
682 868 782 944 Atque
797 873 872 934 baec
887 880 932 935 est
946 877 1032 944 ratio,
1048 879 1087 936 ob
1098 897 1195 956 quam

238 951 355 1026 abipso
371 947 563 1008 Sacramento
579 949 754 1010 excludendi
770 956 883 1030 pariter
896 965 977 1028 sunt,
1001 960 1054 1037 qui
1074 961 1109 1019 in
1123 981 1194 1021 mo·

240 1034 347 1111 aisono
356 1041 476 1109 peccato
492 1027 675 1100 moriantur,
700 1035 833 1112 itemque
848 1042 1115 1108 excommunicati,
1140 1045 1194 1119 qui

240 1129 367 1174 censura
384 1111 502 1188 publice
520 1110 663 1183 innodati,
681 1115 780 1176 adhuc
795 1115 924 1180 absoluti
936 1140 993 1181 non
1004 1131 1084 1184 sunt.
1101 1123 1192 1198 Quod

239 1196 360 1256 taudem
377 1211 432 1252 non
450 1191 612 1267 baptizatos
627 1200 752 1270 spectat,
776 1202 885 1262 merito
900 1209 931 1263 et
952 1207 988 1263 iis
1002 1208 1124 1266 omnino
1140 1206 1193 1266 de·

240 1276 409 1354 negandum
424 1283 470 1336 est
491 1273 549 1333 hoc
572 1271 810 1348 Sacramentum,
833 1302 902 1344 cum
918 1286 1069 1364 Baptisma
1091 1289 1131 1348 sit
1144 1289 1192 1367 ja·
1251 1335 1254 1340 -

239 1377 298 1420 nna
321 1357 596 1419 Sacramentorum.
614 1356 725 1437 Synodi
746 1379 843 1440 aeque
865 1372 896 1426 et
916 1366 1050 1430 Rituaies
1064 1369 1194 1430 Codices

238 1448 328 1518 atque
350 1437 493 1518 Theologi
517 1442 718 1502 communiter
751 1447 892 1509 mandant
922 1468 957 1509 ac
978 1451 1107 1520 docent,
1130 1471 1191 1513 non

238 1541 303 1584 esse
326 1519 592 1582 administrandum
622 1521 679 1583 boo
699 1524 926 1590 Sacramentum
949 1534 1010 1600 iis,
1042 1533 1190 1608 quicum

238 1623 310 1666 sano
332 1605 391 1664 sint
412 1622 550 1682 corpore,
573 1603 620 1664 vel
643 1606 814 1682 probabile,
837 1613 885 1672 vel
907 1617 1117 1676 certumvitae
1137 1635 1191 1693 pe·

236 1686 370 1748 riculum
391 1685 511 1752 adeunt,
537 1690 570 1744 ut
590 1686 641 1762 qui
665 1691 813 1765 praelium
835 1695 936 1755 inituri
958 1703 1038 1764 sunt,
1063 1705 1116 1758 aut
1137 1717 1192 1758 na·

237 1768 430 1848 rigationem,
455 1774 508 1828 aut
521 1768 803 1845 peregrinationem,
826 1781 879 1836 aut
900 1777 958 1836 alia
974 1779 1105 1854 pericula
1118 1780 1192 1840 sub-

239 1850 322 1917 ituri,
340 1855 392 1912 aul
414 1851 504 1911 etiam
527 1850 573 1920 iis,
591 1851 642 1925 qui
665 1855 770 1930 capitis
792 1857 996 1930 condemnati,
1013 1861 1051 1920 ad
1071 1869 1192 1923 certum

236 1933 343 1994 mortis
364 1933 541 2010 supplicium
563 1932 725 1994 ducuntur.

282 2011 336 2075 VI.
361 2013 418 2075 Sed
434 2014 573 2092 quoniam
596 2016 625 2074 in
641 2013 771 2078 Decreto
785 2019 910 2098 Eugeuii
926 2041 981 2100 pro
993 2025 1193 2088 instructione

236 2097 449 2168 Armenorum,
475 2098 503 2154 in
519 2093 645 2173 hujusce
660 2095 845 2162 sacramenti
866 2104 1121 2168 administratione
1143 2125 1192 2166 se-

237 2185 318 2258 ptem
340 2177 500 2239 Unctiones
523 2176 588 2236 fieri
610 2177 764 2256 jubentur,
780 2188 1032 2258 quemadmodum
1056 2187 1121 2248 inse
1136 2207 1191 2248 ex-

237 2264 356 2340 ponitur
379 2261 407 2319 in
428 2259 540 2320 Ritnali
562 2261 707 2331 Romano,
732 2263 802 2324 bino
823 2271 922 2342 gravis
943 2269 1096 2329 suboritur
1119 2288 1192 2330 con-

237 2343 395 2406 troversia,
414 2348 515 2402 utrum
538 2358 640 2402 omnes
656 2345 824 2418 praedictae
839 2346 999 2411 Unctiones
1020 2357 1052 2410 et
1072 2351 1193 2411 lormae
1270 2376 1271 2427 p

237 2425 420 2503 prolationes
441 2425 500 2483 sint
521 2423 557 2483 de
580 2422 764 2486 Sacramenti
786 2429 960 2492 substantia.
986 2430 1131 2492 Doctores
1154 2452 1189 2492 o·

237 2525 323 2568 mnes
349 2506 480 2567 latentur
503 2524 572 2566 cum
588 2504 708 2575 Suarez,
725 2508 812 2570 Tom.
832 2510 895 2572 bin
918 2513 937 2572 3
954 2517 1031 2590 part.
1050 2514 1126 2590 disp.
1146 2513 1191 2572 to

172 2610 174 2615 ·
238 2588 351 2648 sect.2
374 2607 455 2649 num.
481 2586 511 2654 6,
535 2585 608 2648 duas
632 2595 797 2665 postremas
819 2597 984 2657 unctiones,
999 2597 1108 2672 pedum
1130 2597 1192 2654 sci·

238 2671 307 2730 licet
328 2677 358 2732 et
373 2688 491 2738 renum,
517 2670 699 2731 necessarias
715 2691 771 2732 non
788 2692 851 2735 esse
873 2677 909 2735 ad
936 2677 1065 2736 validam
1081 2677 1189 2737 Sacra·

237 2754 331 2812 menti
354 2752 596 2823 coniectionem
628 2760 691 2813 tum
715 2756 783 2832 quia
806 2774 863 2816 uon
887 2759 1005 2819 suntin
1028 2777 1085 2819 usu
1107 2759 1190 2836 apud

238 2853 344 2894 omnes
366 2833 539 2910 Ecclesiae,
563 2841 627 2895 tum
651 2836 719 2912 quia
743 2836 791 2896 illa
815 2857 946 2911 renum,
972 2840 1134 2901 honestatis
1155 2848 1192 2902 et

238 2917 361 2994 pudoris
376 2933 476 2985 cansa,
500 2918 783 2994 semperomittitnr
799 2919 827 2977 in
844 2922 973 2988 leminis,
989 2928 1021 2982 ct
1036 2923 1189 2983 interdum

238 3001 329 3060 etiam
351 3000 381 3060 in
403 2999 498 3063 viris,
522 3001 572 3076 qni
595 3005 718 3077 propter
741 2999 932 3064 labefactatas
954 3005 1086 3081 corporis
1108 3007 1193 3064 vires

146 3127 148 3132 κ
237 3082 396 3158 morbique
420 3081 588 3158 languores,
613 3081 759 3142 dimoveri
782 3094 934 3160 nequeunt
955 3087 1018 3144 sine
1040 3087 1123 3164 gravi
1145 3087 1190 3144 in·
1214 3095 1218 3101 ’

238 3164 395 3226 commodo
414 3187 431 3232 ‚·
447 3162 522 3237 quod
545 3163 704 3228 adnotatur
725 3183 742 3223 a
764 3164 873 3226 Rituali
896 3165 1031 3227 Romano
1058 3174 1146 3245 atque
1169 3185 1190 3228 a

237 3245 386 3308 Cardinali
409 3244 564 3305 Sanctorio
587 3246 615 3302 in
638 3264 698 3306 suo·
714 3244 824 3306 Rituali
848 3267 915 3325 pag.
934 3247 1005 3309 325.
1028 3249 1191 3326 Antiquio-

238 3345 286 3387 res
308 3327 481 3390 scholastici
504 3327 732 3396 existimarunt,
760 3344 864 3390 omnes
885 3332 1036 3408 pertinere
1057 3333 1095 3392 ad
1115 3331 1190 3391 sub-

238 3403 377 3468 stantiam
410 3415 440 3468 et
462 3409 661 3488 integritatem
685 3407 881 3472 sacramenti.
908 3412 969 3472 Alii
995 3431 1033 3474 ex
1059 3415 1190 3474 adverso

238 3491 370 3550 validum
395 3495 516 3550 censent
537 3491 692 3550 extremae
714 3488 864 3553 Unctionis
886 3493 1135 3562 Sacramentum,
1160 3497 1190 3554 si

236 3572 285 3632 vel
308 3590 366 3632 nna
388 3576 504 3632 tantum
527 3571 686 3649 inungatur
709 3575 843 3650 corporis
865 3593 955 3652 pars,
979 3577 1066 3637 unica
1088 3577 1189 3654 prola·
