<?xml version="1.0" encoding="UTF-8"?>
<!DOCTYPE html PUBLIC "-//W3C//DTD XHTML 1.0 Transitional//EN"
    "http://www.w3.org/TR/xhtml1/DTD/xhtml1-transitional.dtd">
<html xmlns="http://www.w3.org/1999/xhtml" xml:lang="en" lang="en">
 <head>
  <title>
</title>
<meta http-equiv="Content-Type" content="text/html;charset=utf-8" />
  <meta name='ocr-system' content='tesseract 3.04.00' />
  <meta name='ocr-capabilities' content='ocr_page ocr_carea ocr_par ocr_line ocrx_word'/>
</head>
<body>
  <div class='ocr_page' id='page_1' title='image "./institutionesli01marigoog_0353.png"; bbox 0 0 2567 4042; ppageno 0'>
   <div class='ocr_carea' id='block_1_1' title="bbox 447 149 672 224">
    <p class='ocr_par' dir='ltr' id='par_1_1' title="bbox 447 149 672 224">
     <span class='ocr_line' id='line_1_1' title="bbox 447 149 672 224; baseline 0 -13"><span class='ocrx_word' id='word_1_1' title='bbox 447 149 672 224; x_wconf 59' lang='lat' dir='ltr'><strong>esttildlffl·</strong></span> 
     </span>
    </p>
   </div>
   <div class='ocr_carea' id='block_1_2' title="bbox 81 277 1035 768">
    <p class='ocr_par' dir='ltr' id='par_1_2' title="bbox 81 277 1035 768">
     <span class='ocr_line' id='line_1_2' title="bbox 81 277 1035 360; baseline -0.003 -17"><span class='ocrx_word' id='word_1_2' title='bbox 81 283 167 343; x_wconf 88' lang='lat' dir='ltr'><strong>litate</strong></span> <span class='ocrx_word' id='word_1_3' title='bbox 188 280 322 360; x_wconf 87' lang='lat' dir='ltr'><strong>jacentes</strong></span> <span class='ocrx_word' id='word_1_4' title='bbox 355 285 414 340; x_wconf 87' lang='lat' dir='ltr'><strong>tam</strong></span> <span class='ocrx_word' id='word_1_5' title='bbox 436 277 615 348; x_wconf 78' lang='lat' dir='ltr'><strong>Parentes,</strong></span> <span class='ocrx_word' id='word_1_6' title='bbox 639 297 730 356; x_wconf 87' lang='lat' dir='ltr'><strong>quam</strong></span> <span class='ocrx_word' id='word_1_7' title='bbox 759 279 933 350; x_wconf 76' lang='lat' dir='ltr'><strong>domestici,</strong></span> <span class='ocrx_word' id='word_1_8' title='bbox 957 281 1035 342; x_wconf 91' lang='lat' dir='ltr'><strong>etsi</strong></span> 
     </span>
     <span class='ocr_line' id='line_1_3' title="bbox 81 362 1035 442; baseline 0.003 -19"><span class='ocrx_word' id='word_1_9' title='bbox 81 364 136 442; x_wconf 86' lang='lat' dir='ltr'><strong>qui</strong></span> <span class='ocrx_word' id='word_1_10' title='bbox 157 365 207 424; x_wconf 88' lang='lat' dir='ltr'><strong>alii</strong></span> <span class='ocrx_word' id='word_1_11' title='bbox 229 366 298 431; x_wconf 89' lang='lat' dir='ltr'><strong>siut,</strong></span> <span class='ocrx_word' id='word_1_12' title='bbox 322 367 408 425; x_wconf 90' lang='lat' dir='ltr'><strong>orent</strong></span> <span class='ocrx_word' id='word_1_13' title='bbox 429 378 520 439; x_wconf 90' lang='lat' dir='ltr'><strong>super</strong></span> <span class='ocrx_word' id='word_1_14' title='bbox 542 378 612 422; x_wconf 86' lang='lat' dir='ltr'><strong>cum</strong></span> <span class='ocrx_word' id='word_1_15' title='bbox 627 364 731 438; x_wconf 75' lang='lat' dir='ltr'><strong>¹enixis</strong></span> <span class='ocrx_word' id='word_1_16' title='bbox 754 362 904 439; x_wconf 90' lang='lat' dir='ltr'><strong>precibus,</strong></span> <span class='ocrx_word' id='word_1_17' title='bbox 928 368 961 422; x_wconf 91' lang='lat' dir='ltr'><strong>ut</strong></span> <span class='ocrx_word' id='word_1_18' title='bbox 982 383 1035 426; x_wconf 88' lang='lat' dir='ltr'><strong>au·</strong></span> 
     </span>
     <span class='ocr_line' id='line_1_4' title="bbox 81 441 1034 524; baseline -0.002 -18"><span class='ocrx_word' id='word_1_19' title='bbox 81 447 204 507; x_wconf 89' lang='lat' dir='ltr'><strong>diantnr</strong></span> <span class='ocrx_word' id='word_1_20' title='bbox 227 452 257 506; x_wconf 90' lang='lat' dir='ltr'><strong>et</strong></span> <span class='ocrx_word' id='word_1_21' title='bbox 271 445 429 505; x_wconf 87' lang='lat' dir='ltr'><strong>videantur</strong></span> <span class='ocrx_word' id='word_1_22' title='bbox 444 463 461 503; x_wconf 86' lang='lat' dir='ltr'><strong>a</strong></span> <span class='ocrx_word' id='word_1_23' title='bbox 475 443 621 520; x_wconf 74' lang='lat' dir='ltr'><strong>pertinaci</strong></span> <span class='ocrx_word' id='word_1_24' title='bbox 637 443 768 503; x_wconf 86' lang='lat' dir='ltr'><strong>infirmo.</strong></span> <span class='ocrx_word' id='word_1_25' title='bbox 781 441 855 504; x_wconf 87' lang='lat' dir='ltr'><strong>Cum</strong></span> <span class='ocrx_word' id='word_1_26' title='bbox 872 445 950 504; x_wconf 90' lang='lat' dir='ltr'><strong>enim</strong></span> <span class='ocrx_word' id='word_1_27' title='bbox 966 465 1034 524; x_wconf 88' lang='lat' dir='ltr'><strong>per-</strong></span> 
     </span>
     <span class='ocr_line' id='line_1_5' title="bbox 82 525 1035 606; baseline -0.001 -18"><span class='ocrx_word' id='word_1_28' title='bbox 82 528 282 590; x_wconf 89' lang='lat' dir='ltr'><strong>niciosissima</strong></span> <span class='ocrx_word' id='word_1_29' title='bbox 305 527 455 604; x_wconf 73' lang='lat' dir='ltr'><strong>instigatio</strong></span> <span class='ocrx_word' id='word_1_30' title='bbox 477 525 552 584; x_wconf 87' lang='lat' dir='ltr'><strong>haee</strong></span> <span class='ocrx_word' id='word_1_31' title='bbox 574 527 613 585; x_wconf 93' lang='lat' dir='ltr'><strong>sit</strong></span> <span class='ocrx_word' id='word_1_32' title='bbox 627 527 791 596; x_wconf 86' lang='lat' dir='ltr'><strong>daemonis,</strong></span> <span class='ocrx_word' id='word_1_33' title='bbox 808 528 966 601; x_wconf 82' lang='lat' dir='ltr'><strong>superbiae</strong></span> <span class='ocrx_word' id='word_1_34' title='bbox 984 547 1035 606; x_wconf 88' lang='lat' dir='ltr'><strong>pa·</strong></span> 
     </span>
     <span class='ocr_line' id='line_1_6' title="bbox 81 607 1035 685; baseline -0.001 -15"><span class='ocrx_word' id='word_1_35' title='bbox 81 610 150 680; x_wconf 68' lang='lat' dir='ltr'><strong>tris</strong></span> <span class='ocrx_word' id='word_1_36' title='bbox 169 611 299 671; x_wconf 82' lang='lat' dir='ltr'><strong>maxime</strong></span> <span class='ocrx_word' id='word_1_37' title='bbox 321 611 422 670; x_wconf 88' lang='lat' dir='ltr'><strong>valent</strong></span> <span class='ocrx_word' id='word_1_38' title='bbox 442 607 477 666; x_wconf 90' lang='lat' dir='ltr'><strong>ad</strong></span> <span class='ocrx_word' id='word_1_39' title='bbox 499 625 566 667; x_wconf 91' lang='lat' dir='ltr'><strong>eam</strong></span> <span class='ocrx_word' id='word_1_40' title='bbox 591 607 803 685; x_wconf 87' lang='lat' dir='ltr'><strong>profligandam</strong></span> <span class='ocrx_word' id='word_1_41' title='bbox 827 615 912 668; x_wconf 90' lang='lat' dir='ltr'><strong>aetus</strong></span> <span class='ocrx_word' id='word_1_42' title='bbox 935 609 1035 669; x_wconf 89' lang='lat' dir='ltr'><strong>humi-</strong></span> 
     </span>
     <span class='ocr_line' id='line_1_7' title="bbox 81 687 1035 768; baseline -0.002 -16"><span class='ocrx_word' id='word_1_43' title='bbox 81 693 187 752; x_wconf 85' lang='lat' dir='ltr'><strong>litatis:</strong></span> <span class='ocrx_word' id='word_1_44' title='bbox 212 711 280 751; x_wconf 91' lang='lat' dir='ltr'><strong>nam</strong></span> <span class='ocrx_word' id='word_1_45' title='bbox 302 693 400 768; x_wconf 88' lang='lat' dir='ltr'><strong>inquit</strong></span> <span class='ocrx_word' id='word_1_46' title='bbox 420 689 450 749; x_wconf 89' lang='lat' dir='ltr'><strong>S.</strong></span> <span class='ocrx_word' id='word_1_47' title='bbox 477 688 602 749; x_wconf 87' lang='lat' dir='ltr'><strong>lacobus</strong></span> <span class='ocrx_word' id='word_1_48' title='bbox 626 688 789 767; x_wconf 77' lang='lat' dir='ltr'><strong>Apostolus</strong></span> <span class='ocrx_word' id='word_1_49' title='bbox 810 687 881 766; x_wconf 85' lang='lat' dir='ltr'><strong>Cep.</strong></span> <span class='ocrx_word' id='word_1_50' title='bbox 905 690 919 750; x_wconf 95' lang='lat' dir='ltr'><strong>l</strong></span> <span class='ocrx_word' id='word_1_51' title='bbox 946 689 1035 752; x_wconf 85' lang='lat' dir='ltr'><strong>Orate</strong></span> 
     </span>
    </p>
   </div>
   <div class='ocr_carea' id='block_1_3' title="bbox 5 771 1146 850">
    <p class='ocr_par' dir='ltr' id='par_1_3' title="bbox 5 771 1146 850">
     <span class='ocr_line' id='line_1_8' title="bbox 5 771 1146 850; baseline 0 -16"><span class='ocrx_word' id='word_1_52' title='bbox 5 815 6 842; x_wconf 47' lang='lat' dir='ltr'><strong>t</strong></span> <span class='ocrx_word' id='word_1_53' title='bbox 81 776 230 842; x_wconf 82' lang='lat' dir='ltr'><strong>inuicem,</strong></span> <span class='ocrx_word' id='word_1_54' title='bbox 254 783 288 834; x_wconf 83' lang='lat' dir='ltr'><strong>at</strong></span> <span class='ocrx_word' id='word_1_55' title='bbox 309 773 490 834; x_wconf 76' lang='lat' dir='ltr'><strong>salvemini:</strong></span> <span class='ocrx_word' id='word_1_56' title='bbox 519 771 647 832; x_wconf 80' lang='lat' dir='ltr'><strong>multum</strong></span> <span class='ocrx_word' id='word_1_57' title='bbox 670 772 749 831; x_wconf 84' lang='lat' dir='ltr'><strong>euim</strong></span> <span class='ocrx_word' id='word_1_58' title='bbox 769 773 846 832; x_wconf 86' lang='lat' dir='ltr'><strong>volet</strong></span> <span class='ocrx_word' id='word_1_59' title='bbox 868 772 1034 850; x_wconf 80' lang='lat' dir='ltr'><strong>deprecatio</strong></span> <span class='ocrx_word' id='word_1_60' title='bbox 1144 813 1146 818; x_wconf 87' lang='lat'>·</span> 
     </span>
    </p>
   </div>
   <div class='ocr_carea' id='block_1_4' title="bbox 5 843 1046 1327">
    <p class='ocr_par' dir='ltr' id='par_1_4' title="bbox 5 843 1046 1327">
     <span class='ocr_line' id='line_1_9' title="bbox 5 843 1033 935; baseline 0.002 -21"><span class='ocrx_word' id='word_1_61' title='bbox 5 843 6 908; x_wconf 72' lang='lat' dir='ltr'><strong>j</strong></span> <span class='ocrx_word' id='word_1_62' title='bbox 76 856 159 935; x_wconf 82' lang='lat' dir='ltr'><strong>justi</strong></span> <span class='ocrx_word' id='word_1_63' title='bbox 180 856 312 916; x_wconf 81' lang='lat' dir='ltr'><strong>assidue.</strong></span> <span class='ocrx_word' id='word_1_64' title='bbox 347 853 425 916; x_wconf 86' lang='lat' dir='ltr'><strong>Hine</strong></span> <span class='ocrx_word' id='word_1_65' title='bbox 448 853 565 931; x_wconf 80' lang='lat' dir='ltr'><strong>egregie</strong></span> <span class='ocrx_word' id='word_1_66' title='bbox 587 854 675 915; x_wconf 87' lang='lat' dir='ltr'><strong>docet</strong></span> <span class='ocrx_word' id='word_1_67' title='bbox 697 860 836 914; x_wconf 82' lang='lat' dir='ltr'><strong>nostrum.</strong></span> <span class='ocrx_word' id='word_1_68' title='bbox 862 853 1033 916; x_wconf 87' lang='lat' dir='ltr'><strong>Romanum</strong></span> 
     </span>
     <span class='ocr_line' id='line_1_10' title="bbox 81 932 1046 1014; baseline 0.002 -18"><span class='ocrx_word' id='word_1_69' title='bbox 81 936 213 1005; x_wconf 86' lang='lat' dir='ltr'><strong>Rituale‚</strong></span> <span class='ocrx_word' id='word_1_70' title='bbox 238 955 427 1014; x_wconf 88' lang='lat' dir='ltr'><strong>nequaquam</strong></span> <span class='ocrx_word' id='word_1_71' title='bbox 450 932 585 994; x_wconf 90' lang='lat' dir='ltr'><strong>Parocho</strong></span> <span class='ocrx_word' id='word_1_72' title='bbox 607 936 744 996; x_wconf 91' lang='lat' dir='ltr'><strong>sullicere</strong></span> <span class='ocrx_word' id='word_1_73' title='bbox 766 937 794 994; x_wconf 92' lang='lat' dir='ltr'><strong>in</strong></span> <span class='ocrx_word' id='word_1_74' title='bbox 817 937 880 996; x_wconf 89' lang='lat' dir='ltr'><strong>sola</strong></span> <span class='ocrx_word' id='word_1_75' title='bbox 902 935 1046 998; x_wconf 69' lang='lat' dir='ltr'><strong>Theolo-</strong></span> 
     </span>
     <span class='ocr_line' id='line_1_11' title="bbox 5 1018 1034 1097; baseline 0.005 -23"><span class='ocrx_word' id='word_1_76' title='bbox 5 1061 6 1074; x_wconf 67' lang='grc'>,</span> <span class='ocrx_word' id='word_1_77' title='bbox 81 1020 133 1097; x_wconf 89' lang='lat' dir='ltr'><strong>gia</strong></span> <span class='ocrx_word' id='word_1_78' title='bbox 154 1018 262 1080; x_wconf 91' lang='lat' dir='ltr'><strong>Morali</strong></span> <span class='ocrx_word' id='word_1_79' title='bbox 284 1037 348 1082; x_wconf 89' lang='lat' dir='ltr'><strong>esse</strong></span> <span class='ocrx_word' id='word_1_80' title='bbox 369 1020 572 1087; x_wconf 87' lang='lat' dir='ltr'><strong>instructum,</strong></span> <span class='ocrx_word' id='word_1_81' title='bbox 595 1019 648 1077; x_wconf 91' lang='lat' dir='ltr'><strong>sed</strong></span> <span class='ocrx_word' id='word_1_82' title='bbox 670 1035 746 1094; x_wconf 92' lang='lat' dir='ltr'><strong>opus</strong></span> <span class='ocrx_word' id='word_1_83' title='bbox 768 1020 809 1078; x_wconf 93' lang='lat' dir='ltr'><strong>illi</strong></span> <span class='ocrx_word' id='word_1_84' title='bbox 831 1037 919 1089; x_wconf 89' lang='lat' dir='ltr'><strong>esse,</strong></span> <span class='ocrx_word' id='word_1_85' title='bbox 950 1025 984 1079; x_wconf 92' lang='lat' dir='ltr'><strong>ut</strong></span> <span class='ocrx_word' id='word_1_86' title='bbox 1006 1021 1034 1079; x_wconf 92' lang='lat' dir='ltr'><strong>iu</strong></span> 
     </span>
     <span class='ocr_line' id='line_1_12' title="bbox 81 1097 1040 1178; baseline 0.001 -19"><span class='ocrx_word' id='word_1_87' title='bbox 81 1118 189 1160; x_wconf 88' lang='lat' dir='ltr'><strong>sacrae</strong></span> <span class='ocrx_word' id='word_1_88' title='bbox 205 1101 377 1178; x_wconf 87' lang='lat' dir='ltr'><strong>Scripturae</strong></span> <span class='ocrx_word' id='word_1_89' title='bbox 400 1099 511 1168; x_wconf 89' lang='lat' dir='ltr'><strong>studio,</strong></span> <span class='ocrx_word' id='word_1_90' title='bbox 535 1097 719 1168; x_wconf 77' lang='lat' dir='ltr'><strong>sopatrum,</strong></span> <span class='ocrx_word' id='word_1_91' title='bbox 743 1105 773 1160; x_wconf 91' lang='lat' dir='ltr'><strong>et</strong></span> <span class='ocrx_word' id='word_1_92' title='bbox 795 1102 823 1159; x_wconf 95' lang='lat' dir='ltr'><strong>in</strong></span> <span class='ocrx_word' id='word_1_93' title='bbox 839 1100 965 1162; x_wconf 88' lang='lat' dir='ltr'><strong>lectione</strong></span> <span class='ocrx_word' id='word_1_94' title='bbox 982 1101 1040 1161; x_wconf 81' lang='lat' dir='ltr'><strong>Vi-.</strong></span> 
     </span>
     <span class='ocr_line' id='line_1_13' title="bbox 5 1179 1035 1260; baseline 0 -17"><span class='ocrx_word' id='word_1_95' title='bbox 5 1229 6 1234; x_wconf 18' lang='grc' dir='ltr'>η</span> <span class='ocrx_word' id='word_1_96' title='bbox 82 1189 185 1243; x_wconf 88' lang='lat' dir='ltr'><strong>tarum</strong></span> <span class='ocrx_word' id='word_1_97' title='bbox 210 1181 384 1246; x_wconf 89' lang='lat' dir='ltr'><strong>Sanctorum</strong></span> <span class='ocrx_word' id='word_1_98' title='bbox 407 1182 445 1242; x_wconf 89' lang='lat' dir='ltr'><strong>sit</strong></span> <span class='ocrx_word' id='word_1_99' title='bbox 467 1183 543 1242; x_wconf 86' lang='lat' dir='ltr'><strong>bene</strong></span> <span class='ocrx_word' id='word_1_100' title='bbox 564 1179 722 1249; x_wconf 73' lang='lat' dir='ltr'><strong>versatus,</strong></span> <span class='ocrx_word' id='word_1_101' title='bbox 751 1184 917 1258; x_wconf 78' lang='lat' dir='ltr'><strong>exquibus</strong></span> <span class='ocrx_word' id='word_1_102' title='bbox 946 1202 1035 1260; x_wconf 82' lang='lat' dir='ltr'><strong>argu·</strong></span> 
     </span>
     <span class='ocr_line' id='line_1_14' title="bbox 82 1263 1035 1327; baseline 0 -3"><span class='ocrx_word' id='word_1_103' title='bbox 82 1271 185 1324; x_wconf 86' lang='lat' dir='ltr'><strong>menta</strong></span> <span class='ocrx_word' id='word_1_104' title='bbox 209 1283 243 1324; x_wconf 88' lang='lat' dir='ltr'><strong>ao</strong></span> <span class='ocrx_word' id='word_1_105' title='bbox 267 1267 396 1326; x_wconf 89' lang='lat' dir='ltr'><strong>rationes</strong></span> <span class='ocrx_word' id='word_1_106' title='bbox 418 1263 556 1324; x_wconf 85' lang='lat' dir='ltr'><strong>desumat</strong></span> <span class='ocrx_word' id='word_1_107' title='bbox 571 1264 607 1322; x_wconf 92' lang='lat' dir='ltr'><strong>ad</strong></span> <span class='ocrx_word' id='word_1_108' title='bbox 630 1264 813 1325; x_wconf 87' lang='lat' dir='ltr'><strong>suadendum</strong></span> <span class='ocrx_word' id='word_1_109' title='bbox 835 1264 970 1327; x_wconf 85' lang='lat' dir='ltr'><strong>confiteri</strong></span> <span class='ocrx_word' id='word_1_110' title='bbox 987 1283 1035 1324; x_wconf 91' lang='lat' dir='ltr'><strong>no·</strong></span> 
     </span>
    </p>
   </div>
   <div class='ocr_carea' id='block_1_5' title="bbox 81 1343 1141 1424">
    <p class='ocr_par' dir='ltr' id='par_1_5' title="bbox 81 1343 1141 1424">
     <span class='ocr_line' id='line_1_15' title="bbox 81 1343 1141 1424; baseline 0 -18"><span class='ocrx_word' id='word_1_111' title='bbox 81 1346 168 1416; x_wconf 87' lang='lat' dir='ltr'><strong>lenti,</strong></span> <span class='ocrx_word' id='word_1_112' title='bbox 187 1351 220 1406; x_wconf 89' lang='lat' dir='ltr'><strong>ut</strong></span> <span class='ocrx_word' id='word_1_113' title='bbox 236 1355 357 1424; x_wconf 87' lang='lat' dir='ltr'><strong>peccata</strong></span> <span class='ocrx_word' id='word_1_114' title='bbox 378 1363 431 1406; x_wconf 90' lang='lat' dir='ltr'><strong>sua</strong></span> <span class='ocrx_word' id='word_1_115' title='bbox 454 1343 642 1406; x_wconf 88' lang='lat' dir='ltr'><strong>confiteatur.</strong></span> <span class='ocrx_word' id='word_1_116' title='bbox 660 1343 753 1408; x_wconf 79' lang='lat' dir='ltr'><strong>ilecto</strong></span> <span class='ocrx_word' id='word_1_117' title='bbox 776 1346 916 1408; x_wconf 89' lang='lat' dir='ltr'><strong>admonet</strong></span> <span class='ocrx_word' id='word_1_118' title='bbox 936 1347 966 1408; x_wconf 92' lang='lat' dir='ltr'><strong>S.</strong></span> <span class='ocrx_word' id='word_1_119' title='bbox 980 1345 1036 1408; x_wconf 85' lang='lat' dir='ltr'><strong>Ca·</strong></span> <span class='ocrx_word' id='word_1_120' title='bbox 1137 1391 1141 1398; x_wconf 89' lang='lat'>.</span> 
     </span>
    </p>
   </div>
   <div class='ocr_carea' id='block_1_6' title="bbox 79 1427 1036 2241">
    <p class='ocr_par' dir='ltr' id='par_1_6' title="bbox 79 1427 1036 2241">
     <span class='ocr_line' id='line_1_16' title="bbox 80 1427 1036 1506; baseline 0 -18"><span class='ocrx_word' id='word_1_121' title='bbox 80 1429 188 1498; x_wconf 80' lang='lat' dir='ltr'><strong>rolris,</strong></span> <span class='ocrx_word' id='word_1_122' title='bbox 213 1428 312 1502; x_wconf 79' lang='lat' dir='ltr'><strong>qnod,</strong></span> <span class='ocrx_word' id='word_1_123' title='bbox 338 1428 478 1505; x_wconf 90' lang='lat' dir='ltr'><strong>quoniam</strong></span> <span class='ocrx_word' id='word_1_124' title='bbox 503 1445 592 1488; x_wconf 88' lang='lat' dir='ltr'><strong>causa</strong></span> <span class='ocrx_word' id='word_1_125' title='bbox 614 1428 810 1504; x_wconf 84' lang='lat' dir='ltr'><strong>quamobrem</strong></span> <span class='ocrx_word' id='word_1_126' title='bbox 832 1447 921 1506; x_wconf 87' lang='lat' dir='ltr'><strong>aeger</strong></span> <span class='ocrx_word' id='word_1_127' title='bbox 943 1427 1036 1489; x_wconf 89' lang='lat' dir='ltr'><strong>conii-</strong></span> 
     </span>
     <span class='ocr_line' id='line_1_17' title="bbox 80 1510 1032 1587; baseline 0.002 -17"><span class='ocrx_word' id='word_1_128' title='bbox 80 1510 141 1570; x_wconf 90' lang='lat' dir='ltr'><strong>teri</strong></span> <span class='ocrx_word' id='word_1_129' title='bbox 164 1511 259 1578; x_wconf 93' lang='lat' dir='ltr'><strong>nolit,</strong></span> <span class='ocrx_word' id='word_1_130' title='bbox 284 1511 437 1586; x_wconf 80' lang='lat' dir='ltr'><strong>multiplex</strong></span> <span class='ocrx_word' id='word_1_131' title='bbox 468 1516 497 1570; x_wconf 89' lang='lat' dir='ltr'><strong>et</strong></span> <span class='ocrx_word' id='word_1_132' title='bbox 519 1510 602 1570; x_wconf 86' lang='lat' dir='ltr'><strong>varia</strong></span> <span class='ocrx_word' id='word_1_133' title='bbox 625 1513 690 1570; x_wconf 83' lang='lat' dir='ltr'><strong>es&#39;se</strong></span> <span class='ocrx_word' id='word_1_134' title='bbox 714 1516 834 1586; x_wconf 86' lang='lat' dir='ltr'><strong>potest,</strong></span> <span class='ocrx_word' id='word_1_135' title='bbox 859 1518 962 1587; x_wconf 82' lang='lat' dir='ltr'><strong>utpote</strong></span> <span class='ocrx_word' id='word_1_136' title='bbox 983 1512 1032 1572; x_wconf 82' lang='lat' dir='ltr'><strong>vel</strong></span> 
     </span>
     <span class='ocr_line' id='line_1_18' title="bbox 81 1589 1036 1669; baseline 0 -18"><span class='ocrx_word' id='word_1_137' title='bbox 81 1592 275 1665; x_wconf 82' lang='lat' dir='ltr'><strong>desperatio,</strong></span> <span class='ocrx_word' id='word_1_138' title='bbox 299 1610 390 1669; x_wconf 88' lang='lat' dir='ltr'><strong>quam</strong></span> <span class='ocrx_word' id='word_1_139' title='bbox 423 1610 459 1652; x_wconf 87' lang='lat' dir='ltr'><strong>ex</strong></span> <span class='ocrx_word' id='word_1_140' title='bbox 482 1597 675 1669; x_wconf 89' lang='lat' dir='ltr'><strong>peccatorum</strong></span> <span class='ocrx_word' id='word_1_141' title='bbox 710 1589 913 1669; x_wconf 86' lang='lat' dir='ltr'><strong>magnitudine</strong></span> <span class='ocrx_word' id='word_1_142' title='bbox 937 1593 1036 1655; x_wconf 91' lang='lat' dir='ltr'><strong>multi-</strong></span> 
     </span>
     <span class='ocr_line' id='line_1_19' title="bbox 82 1673 1034 1752; baseline 0 -18"><span class='ocrx_word' id='word_1_143' title='bbox 82 1673 226 1734; x_wconf 85' lang='lat' dir='ltr'><strong>tudinevc</strong></span> <span class='ocrx_word' id='word_1_144' title='bbox 248 1674 401 1752; x_wconf 86' lang='lat' dir='ltr'><strong>concepit,</strong></span> <span class='ocrx_word' id='word_1_145' title='bbox 428 1673 477 1734; x_wconf 87' lang='lat' dir='ltr'><strong>vel</strong></span> <span class='ocrx_word' id='word_1_146' title='bbox 499 1675 628 1736; x_wconf 84' lang='lat' dir='ltr'><strong>allectus</strong></span> <span class='ocrx_word' id='word_1_147' title='bbox 651 1673 777 1752; x_wconf 84' lang='lat' dir='ltr'><strong>alicujus</strong></span> <span class='ocrx_word' id='word_1_148' title='bbox 800 1677 930 1752; x_wconf 87' lang='lat' dir='ltr'><strong>peccati,</strong></span> <span class='ocrx_word' id='word_1_149' title='bbox 953 1675 1034 1751; x_wconf 87' lang='lat' dir='ltr'><strong>quod</strong></span> 
     </span>
     <span class='ocr_line' id='line_1_20' title="bbox 81 1753 1036 1833; baseline 0.002 -19"><span class='ocrx_word' id='word_1_150' title='bbox 81 1753 216 1832; x_wconf 88' lang='lat' dir='ltr'><strong>abjicere</strong></span> <span class='ocrx_word' id='word_1_151' title='bbox 240 1756 322 1824; x_wconf 87' lang='lat' dir='ltr'><strong>nolit,</strong></span> <span class='ocrx_word' id='word_1_152' title='bbox 341 1757 394 1816; x_wconf 79' lang='lat' dir='ltr'><strong>&#39;vel</strong></span> <span class='ocrx_word' id='word_1_153' title='bbox 410 1757 523 1816; x_wconf 86' lang='lat' dir='ltr'><strong>accidia</strong></span> <span class='ocrx_word' id='word_1_154' title='bbox 539 1756 699 1833; x_wconf 84' lang='lat' dir='ltr'><strong>quaedam,</strong></span> <span class='ocrx_word' id='word_1_155' title='bbox 723 1775 782 1833; x_wconf 85' lang='lat' dir='ltr'><strong>qua</strong></span> <span class='ocrx_word' id='word_1_156' title='bbox 804 1756 866 1827; x_wconf 81' lang='lat' dir='ltr'><strong>irat,</strong></span> <span class='ocrx_word' id='word_1_157' title='bbox 891 1763 925 1818; x_wconf 89' lang='lat' dir='ltr'><strong>ut</strong></span> <span class='ocrx_word' id='word_1_158' title='bbox 946 1759 970 1816; x_wconf 92' lang='lat' dir='ltr'><strong>is</strong></span> <span class='ocrx_word' id='word_1_159' title='bbox 992 1758 1036 1816; x_wconf 88' lang='lat' dir='ltr'><strong>la·</strong></span> 
     </span>
     <span class='ocr_line' id='line_1_21' title="bbox 80 1838 1036 1916; baseline 0.001 -18"><span class='ocrx_word' id='word_1_160' title='bbox 80 1839 188 1898; x_wconf 85' lang='lat' dir='ltr'><strong>horem</strong></span> <span class='ocrx_word' id='word_1_161' title='bbox 214 1856 247 1898; x_wconf 91' lang='lat' dir='ltr'><strong>se</strong></span> <span class='ocrx_word' id='word_1_162' title='bbox 269 1838 443 1915; x_wconf 91' lang='lat' dir='ltr'><strong>disponendi</strong></span> <span class='ocrx_word' id='word_1_163' title='bbox 466 1840 660 1900; x_wconf 83' lang='lat' dir='ltr'><strong>exhorrescat</strong></span> <span class='ocrx_word' id='word_1_164' title='bbox 688 1840 735 1898; x_wconf 86' lang='lat' dir='ltr'><strong>vel</strong></span> <span class='ocrx_word' id='word_1_165' title='bbox 763 1839 821 1898; x_wconf 86' lang='lat' dir='ltr'><strong>alia</strong></span> <span class='ocrx_word' id='word_1_166' title='bbox 843 1841 941 1916; x_wconf 88' lang='lat' dir='ltr'><strong>gravis</strong></span> <span class='ocrx_word' id='word_1_167' title='bbox 963 1855 1036 1899; x_wconf 88' lang='lat' dir='ltr'><strong>oau-</strong></span> 
     </span>
     <span class='ocr_line' id='line_1_22' title="bbox 79 1918 1035 1994; baseline 0.003 -16"><span class='ocrx_word' id='word_1_168' title='bbox 79 1937 113 1978; x_wconf 91' lang='lat' dir='ltr'><strong>sa</strong></span> <span class='ocrx_word' id='word_1_169' title='bbox 137 1937 215 1994; x_wconf 87' lang='lat' dir='ltr'><strong>quae</strong></span> <span class='ocrx_word' id='word_1_170' title='bbox 237 1939 309 1980; x_wconf 91' lang='lat' dir='ltr'><strong>eum</strong></span> <span class='ocrx_word' id='word_1_171' title='bbox 331 1939 348 1980; x_wconf 87' lang='lat' dir='ltr'><strong>a</strong></span> <span class='ocrx_word' id='word_1_172' title='bbox 370 1918 538 1982; x_wconf 86' lang='lat' dir='ltr'><strong>confitendo</strong></span> <span class='ocrx_word' id='word_1_173' title='bbox 560 1921 733 1989; x_wconf 80' lang='lat' dir='ltr'><strong>deterreat3</strong></span> <span class='ocrx_word' id='word_1_174' title='bbox 756 1921 823 1980; x_wconf 88' lang='lat' dir='ltr'><strong>ideo</strong></span> <span class='ocrx_word' id='word_1_175' title='bbox 852 1921 927 1982; x_wconf 85' lang='lat' dir='ltr'><strong>bene</strong></span> <span class='ocrx_word' id='word_1_176' title='bbox 949 1927 1035 1981; x_wconf 91' lang='lat' dir='ltr'><strong>notos</strong></span> 
     </span>
     <span class='ocr_line' id='line_1_23' title="bbox 80 1999 1035 2079; baseline 0 -18"><span class='ocrx_word' id='word_1_177' title='bbox 80 1999 197 2061; x_wconf 84' lang='lat' dir='ltr'><strong>habere</strong></span> <span class='ocrx_word' id='word_1_178' title='bbox 225 2000 487 2063; x_wconf 78' lang='lat' dir='ltr'><strong>debetParoclrus</strong></span> <span class='ocrx_word' id='word_1_179' title='bbox 511 2004 615 2071; x_wconf 90' lang='lat' dir='ltr'><strong>locos,</strong></span> <span class='ocrx_word' id='word_1_180' title='bbox 645 2002 775 2062; x_wconf 89' lang='lat' dir='ltr'><strong>rationes</strong></span> <span class='ocrx_word' id='word_1_181' title='bbox 803 2008 833 2062; x_wconf 90' lang='lat' dir='ltr'><strong>et</strong></span> <span class='ocrx_word' id='word_1_182' title='bbox 859 2009 1035 2079; x_wconf 89' lang='lat' dir='ltr'><strong>argumenta</strong></span> 
     </span>
     <span class='ocr_line' id='line_1_24' title="bbox 80 2082 1034 2162; baseline 0.001 -20"><span class='ocrx_word' id='word_1_183' title='bbox 80 2082 229 2144; x_wconf 89' lang='lat' dir='ltr'><strong>suadendi</strong></span> <span class='ocrx_word' id='word_1_184' title='bbox 243 2084 292 2144; x_wconf 85' lang='lat' dir='ltr'><strong>vel</strong></span> <span class='ocrx_word' id='word_1_185' title='bbox 308 2083 499 2144; x_wconf 88' lang='lat' dir='ltr'><strong>dissuadendi</strong></span> <span class='ocrx_word' id='word_1_186' title='bbox 522 2089 611 2162; x_wconf 89' lang='lat' dir='ltr'><strong>prout</strong></span> <span class='ocrx_word' id='word_1_187' title='bbox 633 2101 723 2144; x_wconf 87' lang='lat' dir='ltr'><strong>eausa</strong></span> <span class='ocrx_word' id='word_1_188' title='bbox 739 2084 853 2153; x_wconf 86' lang='lat' dir='ltr'><strong>tulerit,</strong></span> <span class='ocrx_word' id='word_1_189' title='bbox 870 2102 929 2159; x_wconf 83' lang='lat' dir='ltr'><strong>qua</strong></span> <span class='ocrx_word' id='word_1_190' title='bbox 943 2102 1034 2162; x_wconf 88' lang='lat' dir='ltr'><strong>aeger</strong></span> 
     </span>
     <span class='ocr_line' id='line_1_25' title="bbox 80 2165 541 2241; baseline 0.007 -19"><span class='ocrx_word' id='word_1_191' title='bbox 80 2165 262 2241; x_wconf 84' lang='lat' dir='ltr'><strong>impeditur,</strong></span> <span class='ocrx_word' id='word_1_192' title='bbox 287 2173 338 2227; x_wconf 90' lang='lat' dir='ltr'><strong>aut</strong></span> <span class='ocrx_word' id='word_1_193' title='bbox 359 2166 541 2239; x_wconf 43' lang='lat' dir='ltr'><strong>deterretur,</strong></span> 
     </span>
    </p>
   </div>
   <div class='ocr_carea' id='block_1_7' title="bbox 123 2245 1172 2326">
    <p class='ocr_par' dir='ltr' id='par_1_7' title="bbox 123 2245 1172 2326">
     <span class='ocr_line' id='line_1_26' title="bbox 123 2245 1172 2326; baseline 0.001 -20"><span class='ocrx_word' id='word_1_194' title='bbox 123 2245 180 2307; x_wconf 88' lang='lat'>111.</span> <span class='ocrx_word' id='word_1_195' title='bbox 205 2245 291 2319; x_wconf 84' lang='lat' dir='ltr'><strong>Quod</strong></span> <span class='ocrx_word' id='word_1_196' title='bbox 315 2266 414 2308; x_wconf 89' lang='lat' dir='ltr'><strong>sacras</strong></span> <span class='ocrx_word' id='word_1_197' title='bbox 436 2248 583 2326; x_wconf 87' lang='lat' dir='ltr'><strong>lmagines</strong></span> <span class='ocrx_word' id='word_1_198' title='bbox 599 2252 723 2325; x_wconf 84' lang='lat' dir='ltr'><strong>spectat,</strong></span> <span class='ocrx_word' id='word_1_199' title='bbox 746 2265 780 2306; x_wconf 85' lang='lat' dir='ltr'><strong>ac</strong></span> <span class='ocrx_word' id='word_1_200' title='bbox 803 2247 982 2326; x_wconf 90' lang='lat' dir='ltr'><strong>praesertim</strong></span> <span class='ocrx_word' id='word_1_201' title='bbox 999 2247 1033 2304; x_wconf 94' lang='lat' dir='ltr'><strong>il·</strong></span> <span class='ocrx_word' id='word_1_202' title='bbox 1098 2316 1101 2321; x_wconf 22' lang='lat'><strong>¹</strong></span> <span class='ocrx_word' id='word_1_203' title='bbox 1147 2284 1172 2296; x_wconf 69' lang='lat'><strong>.-</strong></span> 
     </span>
    </p>
   </div>
   <div class='ocr_carea' id='block_1_8' title="bbox 77 2326 1035 3301">
    <p class='ocr_par' dir='ltr' id='par_1_8' title="bbox 77 2326 1035 3301">
     <span class='ocr_line' id='line_1_27' title="bbox 79 2326 1035 2406; baseline 0.002 -20"><span class='ocrx_word' id='word_1_204' title='bbox 79 2327 140 2390; x_wconf 92' lang='lat' dir='ltr'><strong>lam</strong></span> <span class='ocrx_word' id='word_1_205' title='bbox 157 2326 269 2390; x_wconf 90' lang='lat' dir='ltr'><strong>Christi</strong></span> <span class='ocrx_word' id='word_1_206' title='bbox 286 2328 403 2390; x_wconf 90' lang='lat' dir='ltr'><strong>Domini</strong></span> <span class='ocrx_word' id='word_1_207' title='bbox 427 2331 561 2406; x_wconf 87' lang='lat' dir='ltr'><strong>patieutis</strong></span> <span class='ocrx_word' id='word_1_208' title='bbox 584 2330 621 2389; x_wconf 89' lang='lat' dir='ltr'><strong>ob</strong></span> <span class='ocrx_word' id='word_1_209' title='bbox 635 2329 741 2398; x_wconf 86' lang='lat' dir='ltr'><strong>peulos</strong></span> <span class='ocrx_word' id='word_1_210' title='bbox 756 2330 908 2389; x_wconf 89' lang='lat' dir='ltr'><strong>morientis</strong></span> <span class='ocrx_word' id='word_1_211' title='bbox 925 2347 1035 2406; x_wconf 90' lang='lat' dir='ltr'><strong>ponen-</strong></span> 
     </span>
     <span class='ocr_line' id='line_1_28' title="bbox 78 2410 1033 2489; baseline 0 -19"><span class='ocrx_word' id='word_1_212' title='bbox 78 2411 155 2481; x_wconf 86' lang='lat' dir='ltr'><strong>das,</strong></span> <span class='ocrx_word' id='word_1_213' title='bbox 187 2417 308 2487; x_wconf 90' lang='lat' dir='ltr'><strong>praeter</strong></span> <span class='ocrx_word' id='word_1_214' title='bbox 330 2410 465 2472; x_wconf 84' lang='lat' dir='ltr'><strong>Rituales</strong></span> <span class='ocrx_word' id='word_1_215' title='bbox 487 2413 636 2480; x_wconf 87' lang='lat' dir='ltr'><strong>Codices,</strong></span> <span class='ocrx_word' id='word_1_216' title='bbox 661 2411 713 2489; x_wconf 92' lang='lat' dir='ltr'><strong>qui</strong></span> <span class='ocrx_word' id='word_1_217' title='bbox 736 2410 817 2470; x_wconf 89' lang='lat' dir='ltr'><strong>hunc</strong></span> <span class='ocrx_word' id='word_1_218' title='bbox 838 2412 928 2474; x_wconf 90' lang='lat' dir='ltr'><strong>ritum</strong></span> <span class='ocrx_word' id='word_1_219' title='bbox 952 2429 1033 2488; x_wconf 91' lang='lat' dir='ltr'><strong>prae·</strong></span> 
     </span>
     <span class='ocr_line' id='line_1_29' title="bbox 78 2491 1035 2571; baseline 0 -19"><span class='ocrx_word' id='word_1_220' title='bbox 78 2494 228 2558; x_wconf 80' lang='lat' dir='ltr'><strong>scribunt,</strong></span> <span class='ocrx_word' id='word_1_221' title='bbox 243 2493 346 2554; x_wconf 82' lang='lat' dir='ltr'><strong>afferri</strong></span> <span class='ocrx_word' id='word_1_222' title='bbox 361 2499 479 2570; x_wconf 88' lang='lat' dir='ltr'><strong>possent</strong></span> <span class='ocrx_word' id='word_1_223' title='bbox 491 2496 648 2556; x_wconf 89' lang='lat' dir='ltr'><strong>innumera</strong></span> <span class='ocrx_word' id='word_1_224' title='bbox 661 2511 737 2571; x_wconf 90' lang='lat' dir='ltr'><strong>pene</strong></span> <span class='ocrx_word' id='word_1_225' title='bbox 745 2491 919 2554; x_wconf 88' lang='lat' dir='ltr'><strong>Sanctorum</strong></span> <span class='ocrx_word' id='word_1_226' title='bbox 931 2510 1035 2553; x_wconf 88' lang='lat' dir='ltr'><strong>exem·</strong></span> 
     </span>
     <span class='ocr_line' id='line_1_30' title="bbox 77 2572 1035 2653; baseline 0.003 -21"><span class='ocrx_word' id='word_1_227' title='bbox 77 2574 139 2652; x_wconf 87' lang='lat' dir='ltr'><strong>pla,</strong></span> <span class='ocrx_word' id='word_1_228' title='bbox 157 2574 211 2653; x_wconf 89' lang='lat' dir='ltr'><strong>qui</strong></span> <span class='ocrx_word' id='word_1_229' title='bbox 226 2581 413 2651; x_wconf 73' lang='lat' dir='ltr'><strong>aegrotantes</strong></span> <span class='ocrx_word' id='word_1_230' title='bbox 435 2577 670 2652; x_wconf 88' lang='lat' dir='ltr'><strong>morientesque,</strong></span> <span class='ocrx_word' id='word_1_231' title='bbox 687 2576 785 2635; x_wconf 83' lang='lat' dir='ltr'><strong>varias</strong></span> <span class='ocrx_word' id='word_1_232' title='bbox 806 2575 835 2634; x_wconf 93' lang='lat' dir='ltr'><strong>id</strong></span> <span class='ocrx_word' id='word_1_233' title='bbox 851 2572 1035 2650; x_wconf 86' lang='lat' dir='ltr'><strong>gennslma·</strong></span> 
     </span>
     <span class='ocr_line' id='line_1_31' title="bbox 78 2655 1034 2736; baseline 0.002 -22"><span class='ocrx_word' id='word_1_234' title='bbox 78 2655 185 2732; x_wconf 90' lang='lat' dir='ltr'><strong>gines‚</strong></span> <span class='ocrx_word' id='word_1_235' title='bbox 210 2656 248 2715; x_wconf 90' lang='lat' dir='ltr'><strong>ad</strong></span> <span class='ocrx_word' id='word_1_236' title='bbox 269 2658 411 2734; x_wconf 84' lang='lat' dir='ltr'><strong>pietatem</strong></span> <span class='ocrx_word' id='word_1_237' title='bbox 434 2659 638 2728; x_wconf 86' lang='lat' dir='ltr'><strong>excitandam,</strong></span> <span class='ocrx_word' id='word_1_238' title='bbox 663 2657 884 2735; x_wconf 86' lang='lat' dir='ltr'><strong>praeparandas</strong></span> <span class='ocrx_word' id='word_1_239' title='bbox 905 2656 961 2736; x_wconf 74' lang='lat' dir='ltr'><strong>sibi</strong></span> <span class='ocrx_word' id='word_1_240' title='bbox 983 2674 1034 2716; x_wconf 90' lang='lat' dir='ltr'><strong>cu·</strong></span> 
     </span>
     <span class='ocr_line' id='line_1_32' title="bbox 77 2737 1034 2818; baseline 0.002 -22"><span class='ocrx_word' id='word_1_241' title='bbox 77 2745 197 2802; x_wconf 83' lang='lat' dir='ltr'><strong>rerunt.</strong></span> <span class='ocrx_word' id='word_1_242' title='bbox 229 2737 352 2818; x_wconf 90' lang='lat' dir='ltr'><strong>Insuper</strong></span> <span class='ocrx_word' id='word_1_243' title='bbox 381 2757 458 2816; x_wconf 87' lang='lat' dir='ltr'><strong>aqua</strong></span> <span class='ocrx_word' id='word_1_244' title='bbox 485 2740 639 2802; x_wconf 84' lang='lat' dir='ltr'><strong>benedicta</strong></span> <span class='ocrx_word' id='word_1_245' title='bbox 661 2739 759 2809; x_wconf 86' lang='lat' dir='ltr'><strong>adsit,</strong></span> <span class='ocrx_word' id='word_1_246' title='bbox 791 2757 849 2814; x_wconf 91' lang='lat' dir='ltr'><strong>qua</strong></span> <span class='ocrx_word' id='word_1_247' title='bbox 879 2739 1034 2798; x_wconf 88' lang='lat' dir='ltr'><strong>inoreutur</strong></span> 
     </span>
     <span class='ocr_line' id='line_1_33' title="bbox 78 2817 1034 2898; baseline 0.003 -21"><span class='ocrx_word' id='word_1_248' title='bbox 78 2822 142 2880; x_wconf 90' lang='lat' dir='ltr'><strong>tam</strong></span> <span class='ocrx_word' id='word_1_249' title='bbox 166 2817 315 2889; x_wconf 80' lang='lat' dir='ltr'><strong>infirmus,</strong></span> <span class='ocrx_word' id='word_1_250' title='bbox 340 2838 429 2897; x_wconf 88' lang='lat' dir='ltr'><strong>quam</strong></span> <span class='ocrx_word' id='word_1_251' title='bbox 453 2823 644 2898; x_wconf 85' lang='lat' dir='ltr'><strong>quiadstent‚</strong></span> <span class='ocrx_word' id='word_1_252' title='bbox 668 2826 699 2880; x_wconf 91' lang='lat' dir='ltr'><strong>et</strong></span> <span class='ocrx_word' id='word_1_253' title='bbox 721 2820 779 2881; x_wconf 90' lang='lat' dir='ltr'><strong>hoc</strong></span> <span class='ocrx_word' id='word_1_254' title='bbox 801 2820 973 2896; x_wconf 84' lang='lat' dir='ltr'><strong>saepissime</strong></span> <span class='ocrx_word' id='word_1_255' title='bbox 995 2820 1034 2880; x_wconf 88' lang='lat' dir='ltr'><strong>ob</strong></span> 
     </span>
     <span class='ocr_line' id='line_1_34' title="bbox 78 2899 1034 2979; baseline 0.003 -19"><span class='ocrx_word' id='word_1_256' title='bbox 78 2903 230 2962; x_wconf 88' lang='lat' dir='ltr'><strong>maximas</strong></span> <span class='ocrx_word' id='word_1_257' title='bbox 262 2908 292 2961; x_wconf 94' lang='lat' dir='ltr'><strong>et</strong></span> <span class='ocrx_word' id='word_1_258' title='bbox 321 2902 492 2964; x_wconf 86' lang='lat' dir='ltr'><strong>innumeras</strong></span> <span class='ocrx_word' id='word_1_259' title='bbox 520 2905 647 2964; x_wconf 89' lang='lat' dir='ltr'><strong>virtutes</strong></span> <span class='ocrx_word' id='word_1_260' title='bbox 669 2899 734 2979; x_wconf 88' lang='lat' dir='ltr'><strong>ejus</strong></span> <span class='ocrx_word' id='word_1_261' title='bbox 760 2901 797 2962; x_wconf 90' lang='lat' dir='ltr'><strong>ad</strong></span> <span class='ocrx_word' id='word_1_262' title='bbox 825 2903 968 2979; x_wconf 83' lang='lat' dir='ltr'><strong>lugendos</strong></span> <span class='ocrx_word' id='word_1_263' title='bbox 998 2919 1034 2963; x_wconf 90' lang='lat' dir='ltr'><strong>ac</strong></span> 
     </span>
     <span class='ocr_line' id='line_1_35' title="bbox 77 2981 1035 3062; baseline 0.002 -22"><span class='ocrx_word' id='word_1_264' title='bbox 77 2983 314 3059; x_wconf 87' lang='lat' dir='ltr'><strong>prosternendos</strong></span> <span class='ocrx_word' id='word_1_265' title='bbox 336 2985 507 3045; x_wconf 87' lang='lat' dir='ltr'><strong>daemones.</strong></span> <span class='ocrx_word' id='word_1_266' title='bbox 531 2981 710 3062; x_wconf 56' lang='lat' dir='ltr'><strong>Religiosisss</strong></span> <span class='ocrx_word' id='word_1_267' title='bbox 734 2986 828 3046; x_wconf 92' lang='lat' dir='ltr'><strong>doctis</strong></span> <span class='ocrx_word' id='word_1_268' title='bbox 858 2989 889 3044; x_wconf 90' lang='lat' dir='ltr'><strong>et</strong></span> <span class='ocrx_word' id='word_1_269' title='bbox 921 2985 1035 3044; x_wconf 88' lang='lat' dir='ltr'><strong>littera·</strong></span> 
     </span>
     <span class='ocr_line' id='line_1_36' title="bbox 79 3064 1034 3144; baseline 0.004 -22"><span class='ocrx_word' id='word_1_270' title='bbox 79 3065 118 3124; x_wconf 92' lang='lat' dir='ltr'><strong>tis</strong></span> <span class='ocrx_word' id='word_1_271' title='bbox 140 3066 216 3125; x_wconf 81' lang='lat' dir='ltr'><strong>viris</strong></span> <span class='ocrx_word' id='word_1_272' title='bbox 238 3067 418 3143; x_wconf 90' lang='lat' dir='ltr'><strong>proponendi</strong></span> <span class='ocrx_word' id='word_1_273' title='bbox 441 3071 510 3127; x_wconf 87' lang='lat' dir='ltr'><strong>sunt</strong></span> <span class='ocrx_word' id='word_1_274' title='bbox 526 3065 667 3127; x_wconf 88' lang='lat' dir='ltr'><strong>versiculi</strong></span> <span class='ocrx_word' id='word_1_275' title='bbox 689 3083 727 3126; x_wconf 92' lang='lat' dir='ltr'><strong>ex</strong></span> <span class='ocrx_word' id='word_1_276' title='bbox 742 3068 873 3144; x_wconf 85' lang='lat' dir='ltr'><strong>psalmis.</strong></span> <span class='ocrx_word' id='word_1_277' title='bbox 897 3064 1034 3127; x_wconf 86' lang='lat' dir='ltr'><strong>lludibus</strong></span> 
     </span>
     <span class='ocr_line' id='line_1_37' title="bbox 78 3147 1034 3226; baseline 0.002 -21"><span class='ocrx_word' id='word_1_278' title='bbox 78 3162 156 3206; x_wconf 82' lang='lat' dir='ltr'><strong>vero</strong></span> <span class='ocrx_word' id='word_1_279' title='bbox 188 3147 262 3207; x_wconf 80' lang='lat' dir='ltr'><strong>viris</strong></span> <span class='ocrx_word' id='word_1_280' title='bbox 294 3152 324 3207; x_wconf 92' lang='lat' dir='ltr'><strong>ct</strong></span> <span class='ocrx_word' id='word_1_281' title='bbox 345 3149 482 3208; x_wconf 91' lang='lat' dir='ltr'><strong>loeminis</strong></span> <span class='ocrx_word' id='word_1_282' title='bbox 508 3150 655 3226; x_wconf 93' lang='lat' dir='ltr'><strong>optimum</strong></span> <span class='ocrx_word' id='word_1_283' title='bbox 678 3149 834 3208; x_wconf 90' lang='lat' dir='ltr'><strong>consilium</strong></span> <span class='ocrx_word' id='word_1_284' title='bbox 857 3153 904 3208; x_wconf 88' lang='lat' dir='ltr'><strong>est</strong></span> <span class='ocrx_word' id='word_1_285' title='bbox 925 3165 1034 3225; x_wconf 90' lang='lat' dir='ltr'><strong>propo-</strong></span> 
     </span>
     <span class='ocr_line' id='line_1_38' title="bbox 83 3227 1033 3301; baseline 0.004 -17"><span class='ocrx_word' id='word_1_286' title='bbox 83 3243 158 3286; x_wconf 89' lang='lat' dir='ltr'><strong>nere</strong></span> <span class='ocrx_word' id='word_1_287' title='bbox 179 3229 386 3292; x_wconf 87' lang='lat' dir='ltr'><strong>recitationem</strong></span> <span class='ocrx_word' id='word_1_288' title='bbox 403 3227 554 3290; x_wconf 90' lang='lat' dir='ltr'><strong>Orationis</strong></span> <span class='ocrx_word' id='word_1_289' title='bbox 569 3228 753 3301; x_wconf 88' lang='lat' dir='ltr'><strong>Dominicae‚</strong></span> <span class='ocrx_word' id='word_1_290' title='bbox 778 3231 824 3290; x_wconf 86' lang='lat' dir='ltr'><strong>vel</strong></span> <span class='ocrx_word' id='word_1_291' title='bbox 841 3229 1033 3290; x_wconf 76' lang='lat' dir='ltr'><strong>salutationis</strong></span> 
     </span>
    </p>
   </div>
   <div class='ocr_carea' id='block_1_9' title="bbox 82 3304 1069 3638">
    <p class='ocr_par' dir='ltr' id='par_1_9' title="bbox 82 3304 1069 3638">
     <span class='ocr_line' id='line_1_39' title="bbox 84 3304 1032 3389; baseline 0.008 -27"><span class='ocrx_word' id='word_1_292' title='bbox 84 3304 257 3384; x_wconf 86' lang='lat' dir='ltr'><strong>Angelioae,</strong></span> <span class='ocrx_word' id='word_1_293' title='bbox 282 3329 334 3372; x_wconf 91' lang='lat' dir='ltr'><strong>seu</strong></span> <span class='ocrx_word' id='word_1_294' title='bbox 351 3310 487 3389; x_wconf 85' lang='lat' dir='ltr'><strong>Symboli</strong></span> <span class='ocrx_word' id='word_1_295' title='bbox 501 3309 596 3380; x_wconf 86' lang='lat' dir='ltr'><strong>Fidei,</strong></span> <span class='ocrx_word' id='word_1_296' title='bbox 621 3330 675 3388; x_wconf 90' lang='lat' dir='ltr'><strong>per</strong></span> <span class='ocrx_word' id='word_1_297' title='bbox 694 3330 772 3387; x_wconf 80' lang='lat' dir='ltr'><strong>quae</strong></span> <span class='ocrx_word' id='word_1_298' title='bbox 794 3313 823 3372; x_wconf 92' lang='lat' dir='ltr'><strong>iu</strong></span> <span class='ocrx_word' id='word_1_299' title='bbox 845 3317 968 3389; x_wconf 89' lang='lat' dir='ltr'><strong>aegroto</strong></span> <span class='ocrx_word' id='word_1_300' title='bbox 982 3307 1032 3370; x_wconf 88' lang='lat' dir='ltr'><strong>Fi·</strong></span> 
     </span>
     <span class='ocr_line' id='line_1_40' title="bbox 82 3383 1033 3477; baseline 0.013 -35"><span class='ocrx_word' id='word_1_301' title='bbox 82 3383 135 3477; x_wconf 84' lang='lat' dir='ltr'><strong>des</strong></span> <span class='ocrx_word' id='word_1_302' title='bbox 151 3392 330 3456; x_wconf 86' lang='lat' dir='ltr'><strong>vivificetur.</strong></span> <span class='ocrx_word' id='word_1_303' title='bbox 354 3388 500 3468; x_wconf 85' lang='lat' dir='ltr'><strong>Exempla</strong></span> <span class='ocrx_word' id='word_1_304' title='bbox 516 3399 688 3454; x_wconf 88' lang='lat' dir='ltr'><strong>sanctorum</strong></span> <span class='ocrx_word' id='word_1_305' title='bbox 701 3393 871 3472; x_wconf 81' lang='lat' dir='ltr'><strong>Martyrum</strong></span> <span class='ocrx_word' id='word_1_306' title='bbox 894 3393 1033 3469; x_wconf 87' lang='lat' dir='ltr'><strong>trequen-</strong></span> 
     </span>
     <span class='ocr_line' id='line_1_41' title="bbox 82 3468 1033 3561; baseline 0.016 -40"><span class='ocrx_word' id='word_1_307' title='bbox 82 3468 198 3561; x_wconf 75' lang='lat' dir='ltr'><strong>tissima</strong></span> <span class='ocrx_word' id='word_1_308' title='bbox 218 3481 304 3542; x_wconf 86' lang='lat' dir='ltr'><strong>sunt,</strong></span> <span class='ocrx_word' id='word_1_309' title='bbox 329 3480 359 3535; x_wconf 89' lang='lat' dir='ltr'><strong>et</strong></span> <span class='ocrx_word' id='word_1_310' title='bbox 380 3474 481 3536; x_wconf 88' lang='lat' dir='ltr'><strong>valent</strong></span> <span class='ocrx_word' id='word_1_311' title='bbox 503 3475 662 3553; x_wconf 88' lang='lat' dir='ltr'><strong>praecipue</strong></span> <span class='ocrx_word' id='word_1_312' title='bbox 684 3477 708 3536; x_wconf 90' lang='lat' dir='ltr'><strong>si</strong></span> <span class='ocrx_word' id='word_1_313' title='bbox 730 3475 927 3540; x_wconf 87' lang='lat' dir='ltr'><strong>recordentur</strong></span> <span class='ocrx_word' id='word_1_314' title='bbox 949 3473 1033 3536; x_wconf 85' lang='lat' dir='ltr'><strong>infir·</strong></span> 
     </span>
     <span class='ocr_line' id='line_1_42' title="bbox 83 3554 1069 3638; baseline 0.015 -33"><span class='ocrx_word' id='word_1_315' title='bbox 83 3563 153 3622; x_wconf 89' lang='lat' dir='ltr'><strong>m1s‚</strong></span> <span class='ocrx_word' id='word_1_316' title='bbox 178 3555 229 3630; x_wconf 90' lang='lat' dir='ltr'><strong>qui</strong></span> <span class='ocrx_word' id='word_1_317' title='bbox 252 3557 390 3617; x_wconf 87' lang='lat' dir='ltr'><strong>maximis</strong></span> <span class='ocrx_word' id='word_1_318' title='bbox 412 3554 565 3620; x_wconf 84' lang='lat' dir='ltr'><strong>doloribus</strong></span> <span class='ocrx_word' id='word_1_319' title='bbox 589 3558 763 3620; x_wconf 88' lang='lat' dir='ltr'><strong>crucientur</strong></span> <span class='ocrx_word' id='word_1_320' title='bbox 785 3558 814 3617; x_wconf 94' lang='lat' dir='ltr'><strong>in</strong></span> <span class='ocrx_word' id='word_1_321' title='bbox 836 3574 974 3638; x_wconf 88' lang='lat' dir='ltr'><strong>corpore.</strong></span> <span class='ocrx_word' id='word_1_322' title='bbox 1065 3620 1069 3628; x_wconf 74' lang='grc'><em>,</em></span> 
     </span>
    </p>
   </div>
   <div class='ocr_carea' id='block_1_10' title="bbox 0 0 1288 4042">
    <p class='ocr_par' dir='ltr' id='par_1_10' title="bbox 0 0 1288 4042">
     <span class='ocr_line' id='line_1_43' title="bbox 0 0 1288 4042; baseline 0 0"><span class='ocrx_word' id='word_1_323' title='bbox 0 0 1288 4042; x_wconf 95' lang='lat' dir='ltr'><strong> </strong></span> 
     </span>
    </p>
   </div>
  </div>
 </body>
</html>
