<?xml version="1.0" encoding="UTF-8"?>
<!DOCTYPE html PUBLIC "-//W3C//DTD XHTML 1.0 Transitional//EN"
    "http://www.w3.org/TR/xhtml1/DTD/xhtml1-transitional.dtd">
<html xmlns="http://www.w3.org/1999/xhtml" xml:lang="en" lang="en">
 <head>
  <title>
</title>
<meta http-equiv="Content-Type" content="text/html;charset=utf-8" />
  <meta name='ocr-system' content='tesseract 3.04.00' />
  <meta name='ocr-capabilities' content='ocr_page ocr_carea ocr_par ocr_line ocrx_word'/>
</head>
<body>
  <div class='ocr_page' id='page_1' title='image "./institutionesli01marigoog_0057.png"; bbox 0 0 2567 4042; ppageno 0'>
   <div class='ocr_carea' id='block_1_1' title="bbox 470 195 673 267">
    <p class='ocr_par' dir='ltr' id='par_1_1' title="bbox 470 195 673 267">
     <span class='ocr_line' id='line_1_1' title="bbox 470 195 673 267; baseline -0.005 0"><span class='ocrx_word' id='word_1_1' title='bbox 470 195 673 267; x_wconf 50' lang='lat' dir='ltr'><strong><em>wid&amp;</em></strong></span> 
     </span>
    </p>
   </div>
   <div class='ocr_carea' id='block_1_2' title="bbox 90 319 1056 566">
    <p class='ocr_par' dir='ltr' id='par_1_2' title="bbox 90 319 1056 566">
     <span class='ocr_line' id='line_1_2' title="bbox 91 319 1056 405; baseline 0.01 -27"><span class='ocrx_word' id='word_1_2' title='bbox 91 319 171 379; x_wconf 82' lang='lat' dir='ltr'><strong><em>sicut</em></strong></span> <span class='ocrx_word' id='word_1_3' title='bbox 191 321 297 389; x_wconf 83' lang='lat' dir='ltr'><strong><em>nostis,</em></strong></span> <span class='ocrx_word' id='word_1_4' title='bbox 317 320 438 381; x_wconf 82' lang='lat' dir='ltr'><strong><em>nultum</em></strong></span> <span class='ocrx_word' id='word_1_5' title='bbox 451 320 593 385; x_wconf 87' lang='lat' dir='ltr'><strong><em>ordinare</em></strong></span> <span class='ocrx_word' id='word_1_6' title='bbox 611 322 775 399; x_wconf 85' lang='lat' dir='ltr'><strong><em>Clericnm,</em></strong></span> <span class='ocrx_word' id='word_1_7' title='bbox 793 325 853 387; x_wconf 87' lang='lat' dir='ltr'><strong><em>nisi</em></strong></span> <span class='ocrx_word' id='word_1_8' title='bbox 874 325 927 405; x_wconf 84' lang='lat' dir='ltr'><strong><em>qui</em></strong></span> <span class='ocrx_word' id='word_1_9' title='bbox 938 341 1056 387; x_wconf 82' lang='lat' dir='ltr'><strong><em>mecum</em></strong></span> 
     </span>
     <span class='ocr_line' id='line_1_3' title="bbox 90 401 1054 485; baseline 0.007 -27"><span class='ocrx_word' id='word_1_10' title='bbox 90 401 179 481; x_wconf 75' lang='lat' dir='ltr'><strong><em>pellet</em></strong></span> <span class='ocrx_word' id='word_1_11' title='bbox 202 420 341 467; x_wconf 83' lang='lat' dir='ltr'><strong><em>monere,</em></strong></span> <span class='ocrx_word' id='word_1_12' title='bbox 363 414 409 471; x_wconf 82' lang='lat' dir='ltr'><strong><em>ut,</em></strong></span> <span class='ocrx_word' id='word_1_13' title='bbox 432 403 564 485; x_wconf 74' lang='lat' dir='ltr'><strong><em>siecllct</em></strong></span> <span class='ocrx_word' id='word_1_14' title='bbox 587 402 734 467; x_wconf 74' lang='lat' dir='ltr'><strong><em>discedere</em></strong></span> <span class='ocrx_word' id='word_1_15' title='bbox 756 406 957 485; x_wconf 81' lang='lat' dir='ltr'><strong><em>nproposito,</em></strong></span> <span class='ocrx_word' id='word_1_16' title='bbox 975 418 1054 467; x_wconf 89' lang='lat' dir='ltr'><strong><em>rects</em></strong></span> 
     </span>
     <span class='ocr_line' id='line_1_4' title="bbox 92 482 1055 566; baseline 0.001 -23"><span class='ocrx_word' id='word_1_17' title='bbox 92 483 142 543; x_wconf 86' lang='lat' dir='ltr'><strong><em>illi</em></strong></span> <span class='ocrx_word' id='word_1_18' title='bbox 166 483 303 544; x_wconf 86' lang='lat' dir='ltr'><strong><em>tollerem</em></strong></span> <span class='ocrx_word' id='word_1_19' title='bbox 328 482 537 553; x_wconf 73' lang='lat' dir='ltr'><strong><em>clericatum,</em></strong></span> <span class='ocrx_word' id='word_1_20' title='bbox 561 490 635 566; x_wconf 87' lang='lat' dir='ltr'><strong><em>quin</em></strong></span> <span class='ocrx_word' id='word_1_21' title='bbox 656 486 801 549; x_wconf 83' lang='lat' dir='ltr'><strong><em>desereret</em></strong></span> <span class='ocrx_word' id='word_1_22' title='bbox 821 495 939 549; x_wconf 81' lang='lat' dir='ltr'><strong><em>sanctos</em></strong></span> <span class='ocrx_word' id='word_1_23' title='bbox 960 488 1055 549; x_wconf 72' lang='lat' dir='ltr'><strong><em>socie·v</em></strong></span> 
     </span>
    </p>
   </div>
   <div class='ocr_carea' id='block_1_3' title="bbox 88 564 1100 3659">
    <p class='ocr_par' dir='ltr' id='par_1_3' title="bbox 88 564 1100 3659">
     <span class='ocr_line' id='line_1_5' title="bbox 91 564 1055 647; baseline 0.008 -24"><span class='ocrx_word' id='word_1_24' title='bbox 91 564 168 625; x_wconf 84' lang='lat' dir='ltr'><strong><em>tcts&#39;s</em></strong></span> <span class='ocrx_word' id='word_1_25' title='bbox 183 566 368 645; x_wconf 85' lang='lat' dir='ltr'><strong><em>promissum</em></strong></span> <span class='ocrx_word' id='word_1_26' title='bbox 397 576 590 647; x_wconf 78' lang='lat' dir='ltr'><strong><em>coeptamque</em></strong></span> <span class='ocrx_word' id='word_1_27' title='bbox 622 571 816 630; x_wconf 76' lang='lat' dir='ltr'><strong><em>consortium.</em></strong></span> <span class='ocrx_word' id='word_1_28' title='bbox 840 566 886 629; x_wconf 87' lang='lat' dir='ltr'><strong><em>De</em></strong></span> <span class='ocrx_word' id='word_1_29' title='bbox 913 568 1055 631; x_wconf 83' lang='lat' dir='ltr'><strong><em>universa</em></strong></span> 
     </span>
     <span class='ocr_line' id='line_1_6' title="bbox 88 644 1052 728; baseline 0.008 -23"><span class='ocrx_word' id='word_1_30' title='bbox 88 646 211 709; x_wconf 88' lang='lat' dir='ltr'><strong><em>ratione</em></strong></span> <span class='ocrx_word' id='word_1_31' title='bbox 238 664 256 705; x_wconf 94' lang='lat' dir='ltr'><strong><em>a</em></strong></span> <span class='ocrx_word' id='word_1_32' title='bbox 278 644 310 707; x_wconf 88' lang='lat' dir='ltr'><strong><em>S.</em></strong></span> <span class='ocrx_word' id='word_1_33' title='bbox 336 645 507 726; x_wconf 79' lang='lat' dir='ltr'>Augustino</span> <span class='ocrx_word' id='word_1_34' title='bbox 535 654 684 720; x_wconf 85' lang='lat' dir='ltr'><strong><em>servata,</em></strong></span> <span class='ocrx_word' id='word_1_35' title='bbox 712 648 812 728; x_wconf 90' lang='lat' dir='ltr'><strong><em>quoad</em></strong></span> <span class='ocrx_word' id='word_1_36' title='bbox 839 650 1052 713; x_wconf 80' lang='lat' dir='ltr'><strong><em>educationem</em></strong></span> 
     </span>
     <span class='ocr_line' id='line_1_7' title="bbox 89 726 1052 807; baseline 0.003 -18"><span class='ocrx_word' id='word_1_37' title='bbox 89 745 200 789; x_wconf 89' lang='lat' dir='ltr'><strong><em>eorum</em></strong></span> <span class='ocrx_word' id='word_1_38' title='bbox 223 728 334 804; x_wconf 90' lang='lat' dir='ltr'><strong><em>quibus</em></strong></span> <span class='ocrx_word' id='word_1_39' title='bbox 360 726 517 790; x_wconf 80' lang='lat' dir='ltr'><strong><em>Ecclesiae</em></strong></span> <span class='ocrx_word' id='word_1_40' title='bbox 545 748 674 795; x_wconf 89' lang='lat' dir='ltr'><strong><em>munera</em></strong></span> <span class='ocrx_word' id='word_1_41' title='bbox 704 730 919 792; x_wconf 86' lang='lat' dir='ltr'><strong><em>committenda</em></strong></span> <span class='ocrx_word' id='word_1_42' title='bbox 940 738 1052 807; x_wconf 80' lang='lat' dir='ltr'><strong><em>erant,</em></strong></span> 
     </span>
     <span class='ocr_line' id='line_1_8' title="bbox 89 807 1054 888; baseline 0.002 -17"><span class='ocrx_word' id='word_1_43' title='bbox 89 808 149 871; x_wconf 88' lang='lat' dir='ltr'><strong><em>late</em></strong></span> <span class='ocrx_word' id='word_1_44' title='bbox 184 810 249 888; x_wconf 82' lang='lat' dir='ltr'><strong><em>agit</em></strong></span> <span class='ocrx_word' id='word_1_45' title='bbox 269 807 372 870; x_wconf 84' lang='lat' dir='ltr'><strong><em>Abbas</em></strong></span> <span class='ocrx_word' id='word_1_46' title='bbox 393 810 562 873; x_wconf 83' lang='lat' dir='ltr'><strong><em>Benvenuti</em></strong></span> <span class='ocrx_word' id='word_1_47' title='bbox 595 812 625 873; x_wconf 91' lang='lat' dir='ltr'><strong><em>in</em></strong></span> <span class='ocrx_word' id='word_1_48' title='bbox 647 812 772 874; x_wconf 89' lang='lat' dir='ltr'><strong><em>historia</em></strong></span> <span class='ocrx_word' id='word_1_49' title='bbox 805 813 885 874; x_wconf 80' lang='lat' dir='ltr'><strong><em>ritae</em></strong></span> <span class='ocrx_word' id='word_1_50' title='bbox 912 812 1054 874; x_wconf 88' lang='lat' dir='ltr'><strong><em>e&#39;usdem</em></strong></span> 
     </span>
     <span class='ocr_line' id='line_1_9' title="bbox 88 833 1054 971; baseline 0.004 -20"><span class='ocrx_word' id='word_1_51' title='bbox 88 889 209 961; x_wconf 78' lang='lat' dir='ltr'><strong><em>Sancti,</em></strong></span> <span class='ocrx_word' id='word_1_52' title='bbox 237 908 328 967; x_wconf 89' lang='lat' dir='ltr'><strong><em>quam</em></strong></span> <span class='ocrx_word' id='word_1_53' title='bbox 350 909 388 951; x_wconf 88' lang='lat' dir='ltr'><strong><em>ex</em></strong></span> <span class='ocrx_word' id='word_1_54' title='bbox 409 888 492 953; x_wconf 79' lang='lat' dir='ltr'><strong><em>illisis</em></strong></span> <span class='ocrx_word' id='word_1_55' title='bbox 512 894 657 970; x_wconf 80' lang='lat' dir='ltr'><strong><em>operibus</em></strong></span> <span class='ocrx_word' id='word_1_56' title='bbox 678 892 871 971; x_wconf 83' lang='lat' dir='ltr'><strong><em>desumpsit,</em></strong></span> <span class='ocrx_word' id='word_1_57' title='bbox 895 833 962 955; x_wconf 71' lang='lat' dir='ltr'><strong><em>Lib.</em></strong></span> <span class='ocrx_word' id='word_1_58' title='bbox 985 890 1054 963; x_wconf 90' lang='lat' dir='ltr'><strong><em>IV,</em></strong></span> 
     </span>
     <span class='ocr_line' id='line_1_10' title="bbox 88 968 1055 1055; baseline 0.005 -22"><span class='ocrx_word' id='word_1_59' title='bbox 88 968 168 1051; x_wconf 86' lang='lat' dir='ltr'><strong><em>Cap.</em></strong></span> <span class='ocrx_word' id='word_1_60' title='bbox 192 972 215 1031; x_wconf 81' lang='lat'><strong>2</strong></span> <span class='ocrx_word' id='word_1_61' title='bbox 236 990 321 1034; x_wconf 84' lang='lat' dir='ltr'><strong><em>num.</em></strong></span> <span class='ocrx_word' id='word_1_62' title='bbox 344 972 376 1033; x_wconf 80' lang='lat'><strong><em>7.</em></strong></span> <span class='ocrx_word' id='word_1_63' title='bbox 399 970 447 1033; x_wconf 85' lang='lat' dir='ltr'><strong><em>Ex</em></strong></span> <span class='ocrx_word' id='word_1_64' title='bbox 468 973 607 1053; x_wconf 85' lang='lat' dir='ltr'><strong><em>ejusdem</em></strong></span> <span class='ocrx_word' id='word_1_65' title='bbox 630 976 745 1054; x_wconf 88' lang='lat' dir='ltr'><strong><em>pariter</em></strong></span> <span class='ocrx_word' id='word_1_66' title='bbox 773 974 945 1054; x_wconf 84' lang='lat' dir='ltr'><strong><em>dIsciplinae</em></strong></span> <span class='ocrx_word' id='word_1_67' title='bbox 967 993 1055 1055; x_wconf 88' lang='lat' dir='ltr'><strong><em>prae·</em></strong></span> 
     </span>
     <span class='ocr_line' id='line_1_11' title="bbox 88 1052 1054 1137; baseline 0.006 -22"><span class='ocrx_word' id='word_1_68' title='bbox 88 1056 210 1131; x_wconf 79' lang='lat' dir='ltr'><strong><em>serspto</em></strong></span> <span class='ocrx_word' id='word_1_69' title='bbox 230 1052 288 1114; x_wconf 89' lang='lat' dir='ltr'><strong><em>boc</em></strong></span> <span class='ocrx_word' id='word_1_70' title='bbox 309 1056 487 1117; x_wconf 90' lang='lat' dir='ltr'><strong><em>inconcusse</em></strong></span> <span class='ocrx_word' id='word_1_71' title='bbox 509 1062 665 1118; x_wconf 81' lang='lat' dir='ltr'><strong><em>serrasum</em></strong></span> <span class='ocrx_word' id='word_1_72' title='bbox 687 1056 838 1129; x_wconf 84' lang='lat' dir='ltr'><strong><em>novimus,</em></strong></span> <span class='ocrx_word' id='word_1_73' title='bbox 862 1062 896 1119; x_wconf 87' lang='lat' dir='ltr'><strong><em>ut</em></strong></span> <span class='ocrx_word' id='word_1_74' title='bbox 916 1056 1054 1137; x_wconf 88' lang='lat' dir='ltr'><strong><em>quicum·</em></strong></span> 
     </span>
     <span class='ocr_line' id='line_1_12' title="bbox 91 1132 1053 1215; baseline 0.006 -20"><span class='ocrx_word' id='word_1_75' title='bbox 91 1152 156 1213; x_wconf 83' lang='lat' dir='ltr'><strong><em>que</em></strong></span> <span class='ocrx_word' id='word_1_76' title='bbox 171 1132 419 1197; x_wconf 87' lang='lat' dir='ltr'><strong><em>Ecclesiasticum</em></strong></span> <span class='ocrx_word' id='word_1_77' title='bbox 441 1136 574 1214; x_wconf 80' lang='lat' dir='ltr'><strong><em>aliquem</em></strong></span> <span class='ocrx_word' id='word_1_78' title='bbox 589 1135 736 1201; x_wconf 86' lang='lat' dir='ltr'><strong><em>Ordinem</em></strong></span> <span class='ocrx_word' id='word_1_79' title='bbox 757 1138 935 1215; x_wconf 86' lang='lat' dir='ltr'><strong><em>anselperet,</em></strong></span> <span class='ocrx_word' id='word_1_80' title='bbox 953 1144 1053 1201; x_wconf 85' lang='lat' dir='ltr'><strong><em>certae</em></strong></span> 
     </span>
     <span class='ocr_line' id='line_1_13' title="bbox 88 1212 1051 1299; baseline 0.002 -20"><span class='ocrx_word' id='word_1_81' title='bbox 88 1212 226 1296; x_wconf 82' lang='lat' dir='ltr'><strong><em>alicujus</em></strong></span> <span class='ocrx_word' id='word_1_82' title='bbox 247 1214 402 1279; x_wconf 85' lang='lat' dir='ltr'><strong><em>Ecclesiae</em></strong></span> <span class='ocrx_word' id='word_1_83' title='bbox 423 1218 549 1280; x_wconf 86' lang='lat' dir='ltr'><strong><em>servitio</em></strong></span> <span class='ocrx_word' id='word_1_84' title='bbox 571 1218 810 1299; x_wconf 89' lang='lat' dir='ltr'><strong><em>manciparetur,</em></strong></span> <span class='ocrx_word' id='word_1_85' title='bbox 826 1218 874 1280; x_wconf 90' lang='lat' dir='ltr'><strong><em>eui</em></strong></span> <span class='ocrx_word' id='word_1_86' title='bbox 897 1220 927 1279; x_wconf 91' lang='lat' dir='ltr'><strong><em>in</em></strong></span> <span class='ocrx_word' id='word_1_87' title='bbox 942 1218 998 1281; x_wconf 90' lang='lat' dir='ltr'><strong><em>ade</em></strong></span> <span class='ocrx_word' id='word_1_88' title='bbox 1020 1226 1051 1281; x_wconf 86' lang='lat' dir='ltr'><strong><em>to</em></strong></span> 
     </span>
     <span class='ocr_line' id='line_1_14' title="bbox 88 1239 1050 1385; baseline 0.002 -26"><span class='ocrx_word' id='word_1_89' title='bbox 88 1296 209 1360; x_wconf 82' lang='lat' dir='ltr'><strong><em>Ordine</em></strong></span> <span class='ocrx_word' id='word_1_90' title='bbox 231 1299 403 1360; x_wconf 89' lang='lat' dir='ltr'><strong><em>ministrare</em></strong></span> <span class='ocrx_word' id='word_1_91' title='bbox 418 1300 552 1363; x_wconf 81' lang='lat' dir='ltr'><strong><em>deberet.</em></strong></span> <span class='ocrx_word' id='word_1_92' title='bbox 570 1297 678 1378; x_wconf 87' lang='lat' dir='ltr'><strong><em>Neque</em></strong></span> <span class='ocrx_word' id='word_1_93' title='bbox 691 1318 765 1385; x_wconf 74' lang='lat' dir='ltr'><strong><em>vero</em></strong></span> <span class='ocrx_word' id='word_1_94' title='bbox 787 1298 965 1379; x_wconf 86' lang='lat' dir='ltr'><strong><em>hujusmodi</em></strong></span> <span class='ocrx_word' id='word_1_95' title='bbox 981 1239 1018 1365; x_wconf 62' lang='lat' dir='ltr'><strong><em>CI</em></strong></span> <span class='ocrx_word' id='word_1_96' title='bbox 1035 1334 1050 1347; x_wconf 90' lang='lat'>-</span> 
     </span>
     <span class='ocr_line' id='line_1_15' title="bbox 88 1378 1053 1451; baseline 0.005 -13"><span class='ocrx_word' id='word_1_97' title='bbox 88 1382 159 1447; x_wconf 83' lang='lat' dir='ltr'><strong><em>rico</em></strong></span> <span class='ocrx_word' id='word_1_98' title='bbox 180 1380 293 1442; x_wconf 81' lang='lat' dir='ltr'><strong><em>licebat</em></strong></span> <span class='ocrx_word' id='word_1_99' title='bbox 306 1378 473 1451; x_wconf 78' lang='lat' dir='ltr'><strong><em>Ecclesiam</em></strong></span> <span class='ocrx_word' id='word_1_100' title='bbox 495 1382 578 1443; x_wconf 88' lang='lat' dir='ltr'><strong><em>illam</em></strong></span> <span class='ocrx_word' id='word_1_101' title='bbox 599 1382 752 1451; x_wconf 84' lang='lat' dir='ltr'><strong><em>deserere,</em></strong></span> <span class='ocrx_word' id='word_1_102' title='bbox 770 1380 819 1440; x_wconf 91' lang='lat' dir='ltr'><strong><em>cui</em></strong></span> <span class='ocrx_word' id='word_1_103' title='bbox 843 1380 871 1439; x_wconf 91' lang='lat' dir='ltr'><strong><em>in</em></strong></span> <span class='ocrx_word' id='word_1_104' title='bbox 894 1400 950 1447; x_wconf 83' lang='lat' dir='ltr'><strong><em>sua</em></strong></span> <span class='ocrx_word' id='word_1_105' title='bbox 971 1380 1053 1444; x_wconf 89' lang='lat' dir='ltr'><strong><em>ordi·</em></strong></span> 
     </span>
     <span class='ocr_line' id='line_1_16' title="bbox 90 1460 1052 1543; baseline 0.001 -21"><span class='ocrx_word' id='word_1_106' title='bbox 90 1463 217 1522; x_wconf 81' lang='lat' dir='ltr'><strong><em>natione</em></strong></span> <span class='ocrx_word' id='word_1_107' title='bbox 234 1462 375 1523; x_wconf 85' lang='lat' dir='ltr'><strong><em>addictus</em></strong></span> <span class='ocrx_word' id='word_1_108' title='bbox 396 1461 515 1523; x_wconf 83' lang='lat' dir='ltr'><strong><em>fuisset:</em></strong></span> <span class='ocrx_word' id='word_1_109' title='bbox 539 1460 601 1532; x_wconf 91' lang='lat' dir='ltr'><strong><em>sed,</em></strong></span> <span class='ocrx_word' id='word_1_110' title='bbox 625 1463 649 1523; x_wconf 90' lang='lat' dir='ltr'><strong><em>si</em></strong></span> <span class='ocrx_word' id='word_1_111' title='bbox 671 1462 750 1527; x_wconf 87' lang='lat' dir='ltr'><strong><em>lorte</em></strong></span> <span class='ocrx_word' id='word_1_112' title='bbox 773 1460 801 1521; x_wconf 88' lang='lat' dir='ltr'><strong><em>id</em></strong></span> <span class='ocrx_word' id='word_1_113' title='bbox 824 1461 888 1523; x_wconf 89' lang='lat' dir='ltr'><strong><em>sine</em></strong></span> <span class='ocrx_word' id='word_1_114' title='bbox 909 1462 1052 1543; x_wconf 87' lang='lat' dir='ltr'><strong><em>Episcopi</em></strong></span> 
     </span>
     <span class='ocr_line' id='line_1_17' title="bbox 88 1538 1050 1623; baseline 0.002 -20"><span class='ocrx_word' id='word_1_115' title='bbox 88 1544 179 1603; x_wconf 78' lang='lat' dir='ltr'><strong><em>reule</em></strong></span> <span class='ocrx_word' id='word_1_116' title='bbox 195 1542 327 1616; x_wconf 84' lang='lat' dir='ltr'><strong><em>iecisset,</em></strong></span> <span class='ocrx_word' id='word_1_117' title='bbox 344 1549 397 1604; x_wconf 88' lang='lat' dir='ltr'><strong><em>aut</em></strong></span> <span class='ocrx_word' id='word_1_118' title='bbox 410 1542 556 1605; x_wconf 89' lang='lat' dir='ltr'><strong><em>Ordinem</em></strong></span> <span class='ocrx_word' id='word_1_119' title='bbox 570 1544 672 1623; x_wconf 93' lang='lat' dir='ltr'><strong><em>ipsum</em></strong></span> <span class='ocrx_word' id='word_1_120' title='bbox 696 1546 726 1605; x_wconf 92' lang='lat' dir='ltr'><strong><em>in</em></strong></span> <span class='ocrx_word' id='word_1_121' title='bbox 741 1544 800 1605; x_wconf 92' lang='lat' dir='ltr'><strong><em>alia</em></strong></span> <span class='ocrx_word' id='word_1_122' title='bbox 815 1538 950 1605; x_wconf 88' lang='lat' dir='ltr'><strong><em>Ecclesia</em></strong></span> <span class='ocrx_word' id='word_1_123' title='bbox 965 1560 1050 1620; x_wconf 87' lang='lat' dir='ltr'><strong><em>prae-</em></strong></span> 
     </span>
     <span class='ocr_line' id='line_1_18' title="bbox 89 1622 1052 1706; baseline 0.002 -21"><span class='ocrx_word' id='word_1_124' title='bbox 89 1634 234 1703; x_wconf 86' lang='lat' dir='ltr'><strong><em>terquam</em></strong></span> <span class='ocrx_word' id='word_1_125' title='bbox 257 1624 294 1685; x_wconf 91' lang='lat' dir='ltr'><strong><em>de</em></strong></span> <span class='ocrx_word' id='word_1_126' title='bbox 311 1624 431 1686; x_wconf 89' lang='lat' dir='ltr'><strong><em>licentia</em></strong></span> <span class='ocrx_word' id='word_1_127' title='bbox 452 1622 632 1706; x_wconf 83' lang='lat' dir='ltr'><strong><em>ejusdemE</em></strong></span> <span class='ocrx_word' id='word_1_128' title='bbox 656 1626 760 1705; x_wconf 89' lang='lat' dir='ltr'><strong><em>iscopi‚</em></strong></span> <span class='ocrx_word' id='word_1_129' title='bbox 785 1628 983 1696; x_wconf 88' lang='lat' dir='ltr'><strong><em>exercuisset,</em></strong></span> <span class='ocrx_word' id='word_1_130' title='bbox 1001 1642 1052 1687; x_wconf 89' lang='lat' dir='ltr'><strong><em>su-</em></strong></span> 
     </span>
     <span class='ocr_line' id='line_1_19' title="bbox 89 1645 1050 1788; baseline 0.002 -21"><span class='ocrx_word' id='word_1_131' title='bbox 89 1706 261 1785; x_wconf 83' lang='lat' dir='ltr'><strong><em>spensIonis</em></strong></span> <span class='ocrx_word' id='word_1_132' title='bbox 282 1723 410 1785; x_wconf 90' lang='lat' dir='ltr'><strong><em>poenam</em></strong></span> <span class='ocrx_word' id='word_1_133' title='bbox 426 1708 611 1769; x_wconf 85' lang='lat' dir='ltr'><strong><em>incurrebat.</em></strong></span> <span class='ocrx_word' id='word_1_134' title='bbox 628 1645 697 1780; x_wconf 62' lang='lat' dir='ltr'><strong><em>Oua</em></strong></span> <span class='ocrx_word' id='word_1_135' title='bbox 719 1709 756 1769; x_wconf 92' lang='lat' dir='ltr'><strong><em>de</em></strong></span> <span class='ocrx_word' id='word_1_136' title='bbox 773 1724 807 1767; x_wconf 91' lang='lat' dir='ltr'><strong><em>re</em></strong></span> <span class='ocrx_word' id='word_1_137' title='bbox 829 1707 988 1788; x_wconf 87' lang='lat' dir='ltr'><strong><em>perspicua</em></strong></span> <span class='ocrx_word' id='word_1_138' title='bbox 1003 1714 1050 1769; x_wconf 88' lang='lat' dir='ltr'><strong><em>est</em></strong></span> 
     </span>
     <span class='ocr_line' id='line_1_20' title="bbox 90 1784 1053 1861; baseline 0.002 -14"><span class='ocrx_word' id='word_1_139' title='bbox 90 1789 212 1861; x_wconf 78' lang='lat' dir='ltr'><strong><em>sanctio</em></strong></span> <span class='ocrx_word' id='word_1_140' title='bbox 232 1785 358 1851; x_wconf 86' lang='lat' dir='ltr'><strong><em>Concilii</em></strong></span> <span class='ocrx_word' id='word_1_141' title='bbox 379 1788 590 1860; x_wconf 81' lang='lat' dir='ltr'><strong><em>Arelatensis,</em></strong></span> <span class='ocrx_word' id='word_1_142' title='bbox 620 1806 699 1851; x_wconf 91' lang='lat' dir='ltr'><strong><em>anno</em></strong></span> <span class='ocrx_word' id='word_1_143' title='bbox 721 1788 781 1849; x_wconf 78' lang='lat' dir='ltr'><strong><em>cll</em></strong></span> <span class='ocrx_word' id='word_1_144' title='bbox 804 1788 973 1857; x_wconf 88' lang='lat' dir='ltr'><strong><em>celebrati,</em></strong></span> <span class='ocrx_word' id='word_1_145' title='bbox 996 1784 1053 1849; x_wconf 88' lang='lat' dir='ltr'><strong><em>Ca-</em></strong></span> 
     </span>
     <span class='ocr_line' id='line_1_21' title="bbox 91 1866 1049 1950; baseline -0.004 -17"><span class='ocrx_word' id='word_1_146' title='bbox 91 1886 171 1933; x_wconf 85' lang='lat' dir='ltr'><strong><em>none</em></strong></span> <span class='ocrx_word' id='word_1_147' title='bbox 187 1868 210 1929; x_wconf 72' lang='grc'>2</span> <span class='ocrx_word' id='word_1_148' title='bbox 231 1886 377 1946; x_wconf 87' lang='lat' dir='ltr'><strong><em>cumque</em></strong></span> <span class='ocrx_word' id='word_1_149' title='bbox 398 1871 561 1931; x_wconf 87' lang='lat' dir='ltr'><strong><em>concordat</em></strong></span> <span class='ocrx_word' id='word_1_150' title='bbox 574 1869 715 1950; x_wconf 83' lang='lat' dir='ltr'><strong><em>ejusdem</em></strong></span> <span class='ocrx_word' id='word_1_151' title='bbox 730 1868 853 1931; x_wconf 90' lang='lat' dir='ltr'><strong><em>Concilii</em></strong></span> <span class='ocrx_word' id='word_1_152' title='bbox 869 1869 981 1933; x_wconf 90' lang='lat' dir='ltr'><strong><em>Canon.</em></strong></span> <span class='ocrx_word' id='word_1_153' title='bbox 995 1866 1049 1931; x_wconf 81' lang='lat' dir='ltr'><strong><em>m.</em></strong></span> 
     </span>
     <span class='ocr_line' id='line_1_22' title="bbox 89 1948 1053 2015; baseline 0.004 -6"><span class='ocrx_word' id='word_1_154' title='bbox 89 1948 291 2013; x_wconf 72' lang='lat' dir='ltr'><strong><em>Postmodum</em></strong></span> <span class='ocrx_word' id='word_1_155' title='bbox 320 1952 350 2009; x_wconf 90' lang='lat' dir='ltr'><strong><em>iu</em></strong></span> <span class='ocrx_word' id='word_1_156' title='bbox 378 1950 511 2012; x_wconf 88' lang='lat' dir='ltr'><strong><em>Concilio</em></strong></span> <span class='ocrx_word' id='word_1_157' title='bbox 539 1951 681 2015; x_wconf 86' lang='lat' dir='ltr'><strong><em>Generali</em></strong></span> <span class='ocrx_word' id='word_1_158' title='bbox 709 1950 843 2014; x_wconf 88' lang='lat' dir='ltr'><strong><em>Nicaeno</em></strong></span> <span class='ocrx_word' id='word_1_159' title='bbox 868 1948 988 2013; x_wconf 91' lang='lat' dir='ltr'><strong><em>Canone</em></strong></span> <span class='ocrx_word' id='word_1_160' title='bbox 1013 1950 1053 2013; x_wconf 76' lang='lat'><strong><em>15</em></strong></span> 
     </span>
     <span class='ocr_line' id='line_1_23' title="bbox 89 2027 1051 2114; baseline 0.002 -23"><span class='ocrx_word' id='word_1_161' title='bbox 89 2036 242 2093; x_wconf 86' lang='lat' dir='ltr'><strong><em>statutum</em></strong></span> <span class='ocrx_word' id='word_1_162' title='bbox 264 2029 337 2102; x_wconf 84' lang='lat' dir='ltr'><strong><em>fuit,</em></strong></span> <span class='ocrx_word' id='word_1_163' title='bbox 360 2050 398 2093; x_wconf 91' lang='lat' dir='ltr'><strong><em>ne</em></strong></span> <span class='ocrx_word' id='word_1_164' title='bbox 421 2030 573 2114; x_wconf 88' lang='lat' dir='ltr'><strong><em>Episcopi,</em></strong></span> <span class='ocrx_word' id='word_1_165' title='bbox 595 2027 770 2113; x_wconf 78' lang='lat' dir='ltr'><strong><em>&#39;Presbyteri</em></strong></span> <span class='ocrx_word' id='word_1_166' title='bbox 792 2038 846 2095; x_wconf 91' lang='lat' dir='ltr'><strong><em>aut</em></strong></span> <span class='ocrx_word' id='word_1_167' title='bbox 866 2031 990 2093; x_wconf 87' lang='lat' dir='ltr'><strong><em>Diaconi</em></strong></span> <span class='ocrx_word' id='word_1_168' title='bbox 1011 2033 1051 2098; x_wconf 90' lang='lat' dir='ltr'><strong><em>ab</em></strong></span> 
     </span>
     <span class='ocr_line' id='line_1_24' title="bbox 90 2110 1051 2192; baseline 0.004 -21"><span class='ocrx_word' id='word_1_169' title='bbox 90 2114 126 2174; x_wconf 86' lang='lat' dir='ltr'><strong><em>iis</em></strong></span> <span class='ocrx_word' id='word_1_170' title='bbox 148 2110 324 2185; x_wconf 87' lang='lat' dir='ltr'><strong><em>Ecclesiis,</em></strong></span> <span class='ocrx_word' id='word_1_171' title='bbox 346 2131 402 2190; x_wconf 89' lang='lat' dir='ltr'><strong><em>pro</em></strong></span> <span class='ocrx_word' id='word_1_172' title='bbox 424 2115 534 2192; x_wconf 91' lang='lat' dir='ltr'><strong><em>quibus</em></strong></span> <span class='ocrx_word' id='word_1_173' title='bbox 554 2115 684 2176; x_wconf 89' lang='lat' dir='ltr'><strong><em>ordinati</em></strong></span> <span class='ocrx_word' id='word_1_174' title='bbox 706 2120 821 2187; x_wconf 86' lang='lat' dir='ltr'><strong><em>essent,</em></strong></span> <span class='ocrx_word' id='word_1_175' title='bbox 844 2115 881 2174; x_wconf 93' lang='lat' dir='ltr'><strong><em>ad</em></strong></span> <span class='ocrx_word' id='word_1_176' title='bbox 905 2114 977 2175; x_wconf 89' lang='lat' dir='ltr'><strong><em>alias</em></strong></span> <span class='ocrx_word' id='word_1_177' title='bbox 998 2111 1051 2175; x_wconf 88' lang='lat' dir='ltr'><strong><em>de-</em></strong></span> 
     </span>
     <span class='ocr_line' id='line_1_25' title="bbox 90 2194 1051 2272; baseline -0.003 -14"><span class='ocrx_word' id='word_1_178' title='bbox 90 2196 287 2272; x_wconf 74' lang='lat' dir='ltr'><strong><em>migrarentt</em></strong></span> <span class='ocrx_word' id='word_1_179' title='bbox 311 2213 408 2272; x_wconf 91' lang='lat' dir='ltr'><strong><em>quem</em></strong></span> <span class='ocrx_word' id='word_1_180' title='bbox 430 2214 575 2259; x_wconf 91' lang='lat' dir='ltr'><strong><em>canonem</em></strong></span> <span class='ocrx_word' id='word_1_181' title='bbox 603 2194 766 2257; x_wconf 86' lang='lat' dir='ltr'><strong><em>Gratianus</em></strong></span> <span class='ocrx_word' id='word_1_182' title='bbox 794 2195 889 2257; x_wconf 81' lang='lat' dir='ltr'><strong><em>refert</em></strong></span> <span class='ocrx_word' id='word_1_183' title='bbox 918 2194 1051 2258; x_wconf 84' lang='lat' dir='ltr'><strong><em>causa&#39;i</em></strong></span> 
     </span>
     <span class='ocr_line' id='line_1_26' title="bbox 90 2272 1051 2361; baseline -0.002 -22"><span class='ocrx_word' id='word_1_184' title='bbox 90 2283 211 2353; x_wconf 87' lang='lat' dir='ltr'><strong><em>quaest.</em></strong></span> <span class='ocrx_word' id='word_1_185' title='bbox 237 2277 254 2336; x_wconf 94' lang='lat'>1</span> <span class='ocrx_word' id='word_1_186' title='bbox 278 2272 352 2336; x_wconf 87' lang='lat' dir='ltr'><strong><em>Can.</em></strong></span> <span class='ocrx_word' id='word_1_187' title='bbox 380 2273 451 2335; x_wconf 86' lang='lat' dir='ltr'><strong><em>Non</em></strong></span> <span class='ocrx_word' id='word_1_188' title='bbox 470 2287 586 2359; x_wconf 83' lang='lat' dir='ltr'><strong><em>oportet</em></strong></span> <span class='ocrx_word' id='word_1_189' title='bbox 606 2275 798 2361; x_wconf 80' lang='lat' dir='ltr'><strong><em>Episcopum.</em></strong></span> <span class='ocrx_word' id='word_1_190' title='bbox 827 2275 973 2354; x_wconf 85' lang='lat' dir='ltr'><strong><em>Idemque</em></strong></span> <span class='ocrx_word' id='word_1_191' title='bbox 1006 2274 1051 2339; x_wconf 86' lang='lat' dir='ltr'><strong><em>di·</em></strong></span> 
     </span>
     <span class='ocr_line' id='line_1_27' title="bbox 89 2354 1054 2437; baseline 0.002 -20"><span class='ocrx_word' id='word_1_192' title='bbox 89 2360 194 2420; x_wconf 74' lang='lat' dir='ltr'><strong><em>educi.</em></strong></span> <span class='ocrx_word' id='word_1_193' title='bbox 217 2356 259 2419; x_wconf 81' lang='lat'><strong><em>70</em></strong></span> <span class='ocrx_word' id='word_1_194' title='bbox 280 2354 353 2418; x_wconf 89' lang='lat' dir='ltr'><strong><em>Can.</em></strong></span> <span class='ocrx_word' id='word_1_195' title='bbox 377 2355 533 2420; x_wconf 75' lang='lat' dir='ltr'><strong><em>Neminem</em></strong></span> <span class='ocrx_word' id='word_1_196' title='bbox 555 2361 702 2429; x_wconf 86' lang='lat' dir='ltr'><strong><em>obsolute,</em></strong></span> <span class='ocrx_word' id='word_1_197' title='bbox 727 2357 933 2437; x_wconf 87' lang='lat' dir='ltr'><strong><em>percelebrem</em></strong></span> <span class='ocrx_word' id='word_1_198' title='bbox 956 2354 1054 2419; x_wconf 81' lang='lat' dir='ltr'><strong><em>relect</em></strong></span> 
     </span>
     <span class='ocr_line' id='line_1_28' title="bbox 91 2437 1051 2517; baseline 0.002 -18"><span class='ocrx_word' id='word_1_199' title='bbox 91 2437 216 2503; x_wconf 88' lang='lat' dir='ltr'><strong><em>Cuneilii</em></strong></span> <span class='ocrx_word' id='word_1_200' title='bbox 238 2438 491 2500; x_wconf 83' lang='lat' dir='ltr'><strong><em>Chalcedonensis</em></strong></span> <span class='ocrx_word' id='word_1_201' title='bbox 511 2438 663 2503; x_wconf 81' lang='lat' dir='ltr'><strong><em>Cononem</em></strong></span> <span class='ocrx_word' id='word_1_202' title='bbox 685 2446 830 2509; x_wconf 86' lang='lat' dir='ltr'><strong><em>sextum,</em></strong></span> <span class='ocrx_word' id='word_1_203' title='bbox 855 2458 916 2517; x_wconf 93' lang='lat' dir='ltr'><strong><em>quo</em></strong></span> <span class='ocrx_word' id='word_1_204' title='bbox 938 2438 1051 2501; x_wconf 65' lang='lat' dir='ltr'><strong><em>belilee</em></strong></span> 
     </span>
     <span class='ocr_line' id='line_1_29' title="bbox 91 2518 1100 2599; baseline 0 -18"><span class='ocrx_word' id='word_1_205' title='bbox 91 2528 163 2583; x_wconf 90' lang='lat' dir='ltr'><strong><em>sunt</em></strong></span> <span class='ocrx_word' id='word_1_206' title='bbox 183 2518 398 2581; x_wconf 88' lang='lat' dir='ltr'><strong><em>Ordinationes</em></strong></span> <span class='ocrx_word' id='word_1_207' title='bbox 418 2518 629 2591; x_wconf 87' lang='lat' dir='ltr'><strong><em>Clericorum,</em></strong></span> <span class='ocrx_word' id='word_1_208' title='bbox 653 2522 705 2599; x_wconf 91' lang='lat' dir='ltr'><strong><em>qui</em></strong></span> <span class='ocrx_word' id='word_1_209' title='bbox 732 2520 861 2599; x_wconf 83' lang='lat' dir='ltr'><strong><em>alleujue</em></strong></span> <span class='ocrx_word' id='word_1_210' title='bbox 884 2518 1048 2599; x_wconf 81' lang='lat' dir='ltr'><strong><em>peculiaris</em></strong></span> <span class='ocrx_word' id='word_1_211' title='bbox 1096 2548 1100 2561; x_wconf 92' lang='lat'>·</span> 
     </span>
     <span class='ocr_line' id='line_1_30' title="bbox 92 2600 1051 2681; baseline -0.003 -17"><span class='ocrx_word' id='word_1_212' title='bbox 92 2600 252 2664; x_wconf 86' lang='lat' dir='ltr'><strong><em>Ecclesiae</em></strong></span> <span class='ocrx_word' id='word_1_213' title='bbox 270 2602 444 2663; x_wconf 84' lang='lat' dir='ltr'><strong><em>miulsteriis</em></strong></span> <span class='ocrx_word' id='word_1_214' title='bbox 466 2620 525 2663; x_wconf 93' lang='lat' dir='ltr'><strong><em>non</em></strong></span> <span class='ocrx_word' id='word_1_215' title='bbox 540 2601 730 2664; x_wconf 90' lang='lat' dir='ltr'><strong><em>addicantur.</em></strong></span> <span class='ocrx_word' id='word_1_216' title='bbox 747 2602 835 2677; x_wconf 88' lang='lat' dir='ltr'><strong><em>Quod</em></strong></span> <span class='ocrx_word' id='word_1_217' title='bbox 857 2604 959 2665; x_wconf 86' lang='lat' dir='ltr'><strong><em>autem</em></strong></span> <span class='ocrx_word' id='word_1_218' title='bbox 981 2602 1051 2681; x_wconf 87' lang='lat' dir='ltr'><strong><em>per-</em></strong></span> 
     </span>
     <span class='ocr_line' id='line_1_31' title="bbox 93 2678 1052 2763; baseline -0.009 -14"><span class='ocrx_word' id='word_1_219' title='bbox 93 2684 170 2749; x_wconf 83' lang='lat' dir='ltr'><strong><em>tinet</em></strong></span> <span class='ocrx_word' id='word_1_220' title='bbox 190 2684 228 2743; x_wconf 89' lang='lat' dir='ltr'><strong><em>ad</em></strong></span> <span class='ocrx_word' id='word_1_221' title='bbox 250 2684 385 2762; x_wconf 79' lang='lat' dir='ltr'><strong><em>slogulos</em></strong></span> <span class='ocrx_word' id='word_1_222' title='bbox 400 2681 534 2744; x_wconf 86' lang='lat' dir='ltr'><strong><em>Clericos</em></strong></span> <span class='ocrx_word' id='word_1_223' title='bbox 555 2688 656 2745; x_wconf 88' lang='lat' dir='ltr'><strong><em>certae</em></strong></span> <span class='ocrx_word' id='word_1_224' title='bbox 678 2681 809 2763; x_wconf 84' lang='lat' dir='ltr'><strong><em>alicujus</em></strong></span> <span class='ocrx_word' id='word_1_225' title='bbox 822 2678 975 2746; x_wconf 88' lang='lat' dir='ltr'><strong><em>Ecclesiae</em></strong></span> <span class='ocrx_word' id='word_1_226' title='bbox 994 2681 1052 2741; x_wconf 91' lang='lat' dir='ltr'><strong><em>mi-</em></strong></span> 
     </span>
     <span class='ocr_line' id='line_1_32' title="bbox 94 2760 1050 2837; baseline -0.001 -12"><span class='ocrx_word' id='word_1_227' title='bbox 94 2765 221 2827; x_wconf 82' lang='lat' dir='ltr'><strong><em>nisterIo</em></strong></span> <span class='ocrx_word' id='word_1_228' title='bbox 243 2764 482 2837; x_wconf 89' lang='lat' dir='ltr'><strong><em>adscribendos,</em></strong></span> <span class='ocrx_word' id='word_1_229' title='bbox 506 2782 564 2825; x_wconf 93' lang='lat' dir='ltr'><strong><em>non</em></strong></span> <span class='ocrx_word' id='word_1_230' title='bbox 586 2767 675 2830; x_wconf 90' lang='lat' dir='ltr'><strong><em>modo</em></strong></span> <span class='ocrx_word' id='word_1_231' title='bbox 697 2762 948 2827; x_wconf 87' lang='lat' dir='ltr'><strong><em>Chalcedonensis</em></strong></span> <span class='ocrx_word' id='word_1_232' title='bbox 970 2760 1050 2825; x_wconf 90' lang='lat' dir='ltr'><strong><em>Con·</em></strong></span> 
     </span>
     <span class='ocr_line' id='line_1_33' title="bbox 95 2844 1052 2923; baseline 0.005 -18"><span class='ocrx_word' id='word_1_233' title='bbox 95 2847 155 2917; x_wconf 88' lang='lat' dir='ltr'><strong><em>eilii</em></strong></span> <span class='ocrx_word' id='word_1_234' title='bbox 175 2844 334 2923; x_wconf 89' lang='lat' dir='ltr'><strong><em>disciplina</em></strong></span> <span class='ocrx_word' id='word_1_235' title='bbox 360 2845 519 2915; x_wconf 83' lang='lat' dir='ltr'><strong><em>demedio</em></strong></span> <span class='ocrx_word' id='word_1_236' title='bbox 541 2846 659 2909; x_wconf 91' lang='lat' dir='ltr'><strong><em>sublata</em></strong></span> <span class='ocrx_word' id='word_1_237' title='bbox 681 2851 830 2917; x_wconf 87' lang='lat' dir='ltr'><strong><em>nonest,</em></strong></span> <span class='ocrx_word' id='word_1_238' title='bbox 861 2846 933 2923; x_wconf 90' lang='lat' dir='ltr'><strong><em>quin</em></strong></span> <span class='ocrx_word' id='word_1_239' title='bbox 955 2846 1052 2909; x_wconf 91' lang='lat' dir='ltr'><strong><em>immo</em></strong></span> 
     </span>
     <span class='ocr_line' id='line_1_34' title="bbox 96 2924 1051 3007; baseline 0 -18"><span class='ocrx_word' id='word_1_240' title='bbox 96 2946 170 2989; x_wconf 84' lang='lat' dir='ltr'><strong><em>nova</em></strong></span> <span class='ocrx_word' id='word_1_241' title='bbox 186 2924 415 2993; x_wconf 87' lang='lat' dir='ltr'><strong><em>confirmatione</em></strong></span> <span class='ocrx_word' id='word_1_242' title='bbox 436 2927 602 2989; x_wconf 86' lang='lat' dir='ltr'><strong><em>instaurata</em></strong></span> <span class='ocrx_word' id='word_1_243' title='bbox 630 2933 662 2989; x_wconf 89' lang='lat' dir='ltr'><strong><em>et</em></strong></span> <span class='ocrx_word' id='word_1_244' title='bbox 676 2928 780 3007; x_wconf 86' lang='lat' dir='ltr'><strong><em>vigore</em></strong></span> <span class='ocrx_word' id='word_1_245' title='bbox 801 2926 911 2987; x_wconf 86' lang='lat' dir='ltr'><strong><em>donata</em></strong></span> <span class='ocrx_word' id='word_1_246' title='bbox 924 2926 1051 3005; x_wconf 84' lang='lat' dir='ltr'><strong><em>luitper</em></strong></span> 
     </span>
     <span class='ocr_line' id='line_1_35' title="bbox 96 3004 1050 3091; baseline 0.001 -22"><span class='ocrx_word' id='word_1_247' title='bbox 96 3008 218 3073; x_wconf 90' lang='lat' dir='ltr'><strong><em>Concilii</em></strong></span> <span class='ocrx_word' id='word_1_248' title='bbox 233 3008 397 3083; x_wconf 82' lang='lat' dir='ltr'><strong><em>Tridentini</em></strong></span> <span class='ocrx_word' id='word_1_249' title='bbox 420 3007 596 3091; x_wconf 78' lang='lat' dir='ltr'><strong><em>Decretum,</em></strong></span> <span class='ocrx_word' id='word_1_250' title='bbox 620 3008 699 3087; x_wconf 90' lang='lat' dir='ltr'><strong><em>quod</em></strong></span> <span class='ocrx_word' id='word_1_251' title='bbox 717 3005 923 3089; x_wconf 73' lang='lat' dir='ltr'><strong><em>legilur‘Sess.</em></strong></span> <span class='ocrx_word' id='word_1_252' title='bbox 937 3004 1050 3070; x_wconf 85' lang='lat' dir='ltr'>XXIII</span> 
     </span>
     <span class='ocr_line' id='line_1_36' title="bbox 95 3086 1050 3171; baseline -0.001 -22"><span class='ocrx_word' id='word_1_253' title='bbox 95 3088 167 3171; x_wconf 87' lang='lat' dir='ltr'><strong><em>Cap.</em></strong></span> <span class='ocrx_word' id='word_1_254' title='bbox 193 3087 235 3149; x_wconf 82' lang='lat'><strong><em>16</em></strong></span> <span class='ocrx_word' id='word_1_255' title='bbox 256 3088 300 3149; x_wconf 89' lang='lat' dir='ltr'><strong><em>Dc</em></strong></span> <span class='ocrx_word' id='word_1_256' title='bbox 318 3088 556 3169; x_wconf 71' lang='lat' dir='ltr'><strong><em>deformatione.</em></strong></span> <span class='ocrx_word' id='word_1_257' title='bbox 578 3089 655 3153; x_wconf 80' lang='lat' dir='ltr'><strong><em>cem</em></strong></span> <span class='ocrx_word' id='word_1_258' title='bbox 678 3091 780 3151; x_wconf 81' lang='lat' dir='ltr'><strong><em>nultus</em></strong></span> <span class='ocrx_word' id='word_1_259' title='bbox 803 3088 903 3148; x_wconf 80' lang='lat' dir='ltr'><strong><em>debeas</em></strong></span> <span class='ocrx_word' id='word_1_260' title='bbox 924 3086 1050 3148; x_wconf 86' lang='lat' dir='ltr'><strong><em>ordina·</em></strong></span> 
     </span>
     <span class='ocr_line' id='line_1_37' title="bbox 97 3164 1054 3253; baseline -0.001 -21"><span class='ocrx_word' id='word_1_261' title='bbox 97 3173 147 3243; x_wconf 88' lang='lat' dir='ltr'><strong><em>ri,</em></strong></span> <span class='ocrx_word' id='word_1_262' title='bbox 172 3172 230 3252; x_wconf 86' lang='lat' dir='ltr'><strong><em>qni.</em></strong></span> <span class='ocrx_word' id='word_1_263' title='bbox 244 3170 364 3253; x_wconf 75' lang='lat' dir='ltr'><strong><em>judicio</em></strong></span> <span class='ocrx_word' id='word_1_264' title='bbox 395 3171 443 3235; x_wconf 83' lang='lat' dir='ltr'><strong><em>ssn&#39;</em></strong></span> <span class='ocrx_word' id='word_1_265' title='bbox 464 3164 603 3252; x_wconf 79' lang='lat' dir='ltr'><strong><em>Epriseopi</em></strong></span> <span class='ocrx_word' id='word_1_266' title='bbox 622 3180 683 3229; x_wconf 81' lang='lat' dir='ltr'><strong><em>non</em></strong></span> <span class='ocrx_word' id='word_1_267' title='bbox 703 3171 742 3231; x_wconf 85' lang='lat' dir='ltr'><strong><em>sit</em></strong></span> <span class='ocrx_word' id='word_1_268' title='bbox 762 3172 847 3232; x_wconf 82' lang='lat' dir='ltr'><strong><em>utitis</em></strong></span> <span class='ocrx_word' id='word_1_269' title='bbox 873 3180 933 3247; x_wconf 58' lang='lat' dir='ltr'><strong><em>vom</em></strong></span> <span class='ocrx_word' id='word_1_270' title='bbox 955 3188 1054 3231; x_wconf 88' lang='lat' dir='ltr'><strong><em>neces·</em></strong></span> 
     </span>
     <span class='ocr_line' id='line_1_38' title="bbox 97 3248 1053 3331; baseline 0 -20"><span class='ocrx_word' id='word_1_271' title='bbox 97 3254 196 3315; x_wconf 84' lang='lat' dir='ltr'><strong><em>surius</em></strong></span> <span class='ocrx_word' id='word_1_272' title='bbox 224 3252 287 3313; x_wconf 81' lang='lat' dir='ltr'><strong><em>suis</em></strong></span> <span class='ocrx_word' id='word_1_273' title='bbox 305 3250 475 3321; x_wconf 81' lang='lat' dir='ltr'><strong><em>Ecclcss&#39;e‘s,</em></strong></span> <span class='ocrx_word' id='word_1_274' title='bbox 499 3252 611 3315; x_wconf 84' lang='lat' dir='ltr'><strong><em>Sancto</em></strong></span> <span class='ocrx_word' id='word_1_275' title='bbox 636 3248 797 3331; x_wconf 79' lang='lat' dir='ltr'><strong><em>Synodns,</em></strong></span> <span class='ocrx_word' id='word_1_276' title='bbox 819 3250 950 3329; x_wconf 78' lang='lat' dir='ltr'><strong><em>eestiqe&#39;e‘s</em></strong></span> <span class='ocrx_word' id='word_1_277' title='bbox 971 3252 1053 3311; x_wconf 76' lang='lat' dir='ltr'><strong><em>scroti</em></strong></span> 
     </span>
     <span class='ocr_line' id='line_1_39' title="bbox 101 3331 1052 3405; baseline -0.001 -10"><span class='ocrx_word' id='word_1_278' title='bbox 101 3332 232 3395; x_wconf 73' lang='lat' dir='ltr'><strong><em>damnis</em></strong></span> <span class='ocrx_word' id='word_1_279' title='bbox 257 3334 388 3397; x_wconf 78' lang='lat' dir='ltr'><strong><em>Consilii</em></strong></span> <span class='ocrx_word' id='word_1_280' title='bbox 405 3331 653 3402; x_wconf 77' lang='lat' dir='ltr'><strong><em>Chalcedonensis</em></strong></span> <span class='ocrx_word' id='word_1_281' title='bbox 669 3331 863 3402; x_wconf 72' lang='lat' dir='ltr'><strong><em>inhaerendo,</em></strong></span> <span class='ocrx_word' id='word_1_282' title='bbox 881 3332 998 3405; x_wconf 81' lang='lat' dir='ltr'><strong><em>statuit,</em></strong></span> <span class='ocrx_word' id='word_1_283' title='bbox 1016 3342 1052 3394; x_wconf 84' lang='lat' dir='ltr'><strong><em>nt</em></strong></span> 
     </span>
     <span class='ocr_line' id='line_1_40' title="bbox 97 3410 1053 3493; baseline -0.004 -16"><span class='ocrx_word' id='word_1_284' title='bbox 97 3416 197 3486; x_wconf 77' lang='lat' dir='ltr'><strong><em>nullus</em></strong></span> <span class='ocrx_word' id='word_1_285' title='bbox 222 3416 258 3475; x_wconf 84' lang='lat' dir='ltr'><strong><em>in</em></strong></span> <span class='ocrx_word' id='word_1_286' title='bbox 274 3424 428 3493; x_wconf 80' lang='lat' dir='ltr'><strong><em>posterum</em></strong></span> <span class='ocrx_word' id='word_1_287' title='bbox 457 3413 640 3486; x_wconf 83' lang='lat' dir='ltr'><strong><em>ordinetur,</em></strong></span> <span class='ocrx_word' id='word_1_288' title='bbox 666 3410 720 3493; x_wconf 81' lang='lat' dir='ltr'><strong><em>qni</em></strong></span> <span class='ocrx_word' id='word_1_289' title='bbox 740 3414 788 3479; x_wconf 85' lang='lat' dir='ltr'><strong><em>illi</em></strong></span> <span class='ocrx_word' id='word_1_290' title='bbox 810 3410 975 3481; x_wconf 85' lang='lat' dir='ltr'><strong><em>Ecclesiae,</em></strong></span> <span class='ocrx_word' id='word_1_291' title='bbox 998 3420 1053 3473; x_wconf 85' lang='lat' dir='ltr'><strong><em>cut</em></strong></span> 
     </span>
     <span class='ocr_line' id='line_1_41' title="bbox 95 3494 1046 3577; baseline -0.004 -20"><span class='ocrx_word' id='word_1_292' title='bbox 95 3498 146 3574; x_wconf 84' lang='lat' dir='ltr'><strong><em>pio</em></strong></span> <span class='ocrx_word' id='word_1_293' title='bbox 167 3498 242 3567; x_wconf 88' lang='lat' dir='ltr'><strong><em>loce,</em></strong></span> <span class='ocrx_word' id='word_1_294' title='bbox 255 3514 315 3575; x_wconf 82' lang='lat' dir='ltr'><strong><em>pro</em></strong></span> <span class='ocrx_word' id='word_1_295' title='bbox 337 3499 423 3577; x_wconf 73' lang='lat' dir='ltr'><strong><em>cnjus</em></strong></span> <span class='ocrx_word' id='word_1_296' title='bbox 442 3498 611 3556; x_wconf 83' lang='lat' dir='ltr'><strong><em>necessitate</em></strong></span> <span class='ocrx_word' id='word_1_297' title='bbox 641 3494 849 3563; x_wconf 83' lang='lat' dir='ltr'><strong><em>ontntc&#39;le&#39;tnte</em></strong></span> <span class='ocrx_word' id='word_1_298' title='bbox 871 3495 1046 3560; x_wconf 82' lang='lat' dir='ltr'><strong><em>assumitur,</em></strong></span> 
     </span>
     <span class='ocr_line' id='line_1_42' title="bbox 100 3574 1051 3659; baseline -0.011 -20"><span class='ocrx_word' id='word_1_299' title='bbox 100 3596 157 3639; x_wconf 83' lang='lat' dir='ltr'><strong><em>non</em></strong></span> <span class='ocrx_word' id='word_1_300' title='bbox 176 3577 380 3651; x_wconf 78' lang='lat' dir='ltr'><strong><em>adscribatur,</em></strong></span> <span class='ocrx_word' id='word_1_301' title='bbox 403 3577 454 3637; x_wconf 75' lang='lat' dir='ltr'><strong><em>eti</em></strong></span> <span class='ocrx_word' id='word_1_302' title='bbox 474 3578 536 3648; x_wconf 74' lang='lat' dir='ltr'><strong><em>setis</em></strong></span> <span class='ocrx_word' id='word_1_303' title='bbox 555 3577 708 3659; x_wconf 72' lang='lat' dir='ltr'><strong><em>snnqatnr</em></strong></span> <span class='ocrx_word' id='word_1_304' title='bbox 728 3576 911 3653; x_wconf 83' lang='lat' dir='ltr'><strong><em>muneribus,</em></strong></span> <span class='ocrx_word' id='word_1_305' title='bbox 935 3591 986 3633; x_wconf 91' lang='lat' dir='ltr'><strong><em>nec</em></strong></span> <span class='ocrx_word' id='word_1_306' title='bbox 1007 3574 1051 3643; x_wconf 84' lang='lat' dir='ltr'><strong><em>in-</em></strong></span> 
     </span>
    </p>
   </div>
   <div class='ocr_carea' id='block_1_4' title="bbox 0 0 1292 4042">
    <p class='ocr_par' dir='ltr' id='par_1_4' title="bbox 0 0 1292 4042">
     <span class='ocr_line' id='line_1_43' title="bbox 0 0 1292 4042; baseline 0 0"><span class='ocrx_word' id='word_1_307' title='bbox 0 0 1292 4042; x_wconf 95' lang='lat' dir='ltr'><strong><em> </em></strong></span> 
     </span>
    </p>
   </div>
  </div>
 </body>
</html>
