2567 4042
630 196 853 275 witbur-

277 329 367 389 dehet
387 324 477 408 Pyxis
497 332 678 401 consecrari,
702 331 755 411 sed
777 330 1011 401 advertendum,
1034 348 1071 389 cx
1093 326 1226 407 Gavanto

277 408 365 469 Tem.
387 409 402 470 l
424 419 501 488 part.
524 412 539 472 l
561 413 607 473 tit.
630 412 653 471 2
673 430 757 473 num.
782 410 826 485 3,
853 414 974 473 nemine
996 413 1227 473 consecrationis

276 492 328 551 hic
347 492 452 554 ventre
474 494 642 571 simplicem
657 494 896 557 benedictionem
917 495 981 555 sine
996 496 1157 555 unctione.
1174 493 1227 571 Pp-

276 575 323 633 ris
343 572 432 635 debet
451 592 517 635 esse
531 592 623 636 aurea
643 578 693 637 vel
715 583 869 655 argentea,
885 582 917 637 et
937 575 1060 654 quidem
1076 576 1222 642 inaurata.

277 662 312 717 nt
330 655 419 716 docet
437 656 614 729 Gavactus,
637 676 714 735 quae
739 659 804 719 loco
832 659 930 739 pallae
963 658 1114 737 cooperiri
1142 658 1225 719 debet

271 739 397 814 proprio
416 739 585 817 operculo,
607 740 688 816 quod
710 741 820 803 habeat
852 741 881 800 in
903 741 1078 803 summitate
1100 758 1222 817 parvam

273 818 419 880 Crucem:
444 822 641 898 cooperienda
666 828 764 883 tamen
785 830 832 885 est
851 823 941 893 velo,
960 828 992 884 et
1014 822 1141 899 quidem
1163 840 1230 899 pre,

274 902 362 970 tiore,
380 903 538 978 taliterque
558 905 724 973 elaborato,
741 909 775 965 ut
796 906 854 982 ipsi
867 902 974 983 Pyxidi
996 904 1074 965 bene
1090 909 1218 983 aptetur.

273 979 443 1044 Rursus-in
465 985 586 1061 antiquo
606 979 739 1047 ll'omano
761 987 873 1049 Ordine
897 993 1020 1064 praeter
1041 986 1221 1047 benedictio

275 1080 344 1123 nem
367 1064 499 1136 vasculi,
516 1067 545 1125 in
566 1086 625 1146 quo
641 1066 830 1130 Eucharistia
846 1070 1027 1137 reconditur,
1043 1068 1127 1130 alius
1147 1072 1221 1129 extat

274 1145 358 1214 ritus,
382 1166 442 1223 quo
464 1146 615 1210 Cihcrium
638 1150 893 1221 benedicebatur,
917 1151 993 1211 idest
1015 1149 1219 1213 umbraculum

86 1284 89 1291 ,
155 1268 170 1295 .
274 1225 397 1288 Altaris.
416 1230 478 1290 Etsi
501 1232 602 1306 itaque
623 1233 713 1293 hodie
731 1232 961 1313 appellationem
976 1232 1088 1293 Cthonii
1113 1232 1218 1311 passim
1254 1304 1255 1321 χ

274 1323 379 1370 acerne
399 1309 516 1390 Pyxidi,
532 1313 582 1385 nel
602 1314 820 1383 Tabernaculc‚
838 1316 867 1375 in
889 1333 948 1392 quo
970 1314 1032 1391 ipsa
1047 1314 1217 1381 includitur,
1254 1322 1255 1397 l

272 1391 414 1468 vulgares
436 1393 595 1455 Librorum
616 1395 780 1457 llitnalium
802 1397 934 1457 editores
954 1397 1106 1474 applicent
1125 1418 1133 1468 3
1158 1413 1218 1455 con
1254 1398 1255 1469 l

271 1478 333 1533 stat
347 1474 551 1546 nihilominus,
568 1474 723 1541 Cthonium
738 1478 810 1539 olim
826 1478 900 1538 nihil
915 1476 997 1538 aliud
1012 1475 1119 1549 luisse,
1137 1484 1217 1555 quarn
1254 1508 1255 1565 p

272 1550 445 1632 Cenopeum
461 1556 585 1624 ditaris,
609 1561 673 1621 sive
694 1559 992 1637 umbraculumque
1014 1559 1123 1621 Altare
1144 1561 1219 1620 obte-

274 1637 412 1713 gebatur,
429 1637 570 1715 qnodque
592 1642 622 1699 iu
644 1640 741 1702 forma
756 1641 919 1702 turriculae
941 1646 1078 1703 erectum
1095 1646 1217 1719 quanm

263 1716 472 1780 incolumnis
498 1720 537 1779 ad
558 1721 671 1783 Alianis
693 1742 805 1783 cornua
826 1723 1042 1801 exurgentibus
1069 1722 1215 1785 incumbe-

273 1798 336 1859 bat.
359 1799 462 1878 Neque
483 1819 557 1863 vero
578 1805 676 1865 solum
698 1804 808 1886 Pyxis,
832 1824 938 1866 verum
960 1805 1051 1866 etiam
1073 1806 1216 1866 Taberna·

271 1881 373 1942 culum
396 1882 518 1954 hilaris,
541 1884 571 1943 in
589 1897 655 1963 ¹qno
676 1887 767 1967 Pyxis
789 1904 827 1947 en
848 1886 1051 1949 vetustissimo
1067 1885 1214 1949 Ecclesiae

271 1980 357 2024 more
378 1966 525 2026 asservari
545 1967 647 2034 solet,
671 1969 805 2030 benedici
827 1970 918 2031 etiam
941 1968 1024 2048 prius
1045 1970 1154 2037 debet,
1177 1965 1212 2026 uti

272 2049 388 2107 constat
409 2064 445 2107 ex
468 2047 606 2126 plurimis
627 2047 871 2119 Pontificalibus‚
895 2056 926 2111 et
947 2051 1045 2129 prisco
1067 2049 1214 2113 Ecclesiae

272 2146 351 2199 usu,
375 2128 484 2203 quihus
506 2128 666 2193 inhaerens
689 2130 720 2193 S.
745 2130 869 2193 Carolus
891 2133 921 2191 in
942 2132 1075 2194 Concilio
1097 2132 1213 2194 Provin-

271 2208 339 2269 ciali
371 2209 582 2272 Mediolanensi
609 2211 654 2272 vl
681 2211 783 2294 Capite
808 2214 851 2274 De
873 2213 1150 2295 Sacramentelibus
1178 2211 1212 2271 sic

271 2291 348 2352 inter
370 2291 428 2350 alie
450 2294 563 2355 statuit:
587 2293 682 2355 Scene
699 2315 783 2375 prece
805 2314 842 2355 ecc
862 2294 997 2373 formula
1018 2292 1102 2357 Libri
1120 2295 1211 2356 Ponti·

269 2372 366 2452 ficetis
394 2370 627 2435 Taberneculum
644 2380 745 2438 ctiam
770 2378 922 2456 liqueant,
945 2379 980 2437 in
1005 2397 1063 2457 qno
1088 2375 1211 2440 Sanctis·

270 2453 347 2513 nme
367 2452 559 2517 Eucharistie
574 2457 765 2531 recondetur,
792 2468 861 2519 nete
884 2457 1105 2529 benedicetur,
1132 2474 1210 2539 quen
1255 2490 1256 2561 p

270 2534 312 2594 nd
332 2536 416 2595 illins
440 2538 644 2599 recondendae
665 2558 751 2601 usum
774 2538 959 2602 adhibeatur.
984 2540 1101 2601 Similia
1122 2540 1208 2617 legere

269 2621 317 2696 cst
337 2615 366 2675 in
381 2617 447 2677 aliis
460 2618 600 2681 Conciliis
616 2623 832 2683 recentioribus
853 2619 954 2681 multis
968 2618 1207 2685 provincialibus,

289 2699 382 2759 ariter
402 2705 433 2759 et
453 2699 645 2763 Dioecesanis
667 2705 695 2763 in
717 2705 824 2782 quibus
845 2701 1090 2765 etTabernaonli
1112 2705 1206 2778 inquo

335 2780 360 2840 is
381 2780 417 2840 ad
432 2778 672 2845 Sacratissimam
688 2782 910 2846 Eucharistiam
927 2786 1151 2852 asservandarm
1165 2783 1207 2843 be

268 2860 397 2923 nedictio
418 2862 455 2922 ab
477 2860 648 2943 Episcopo,
671 2868 719 2927 vel
742 2870 779 2929 ab
800 2867 859 2926 alio
885 2866 1062 2927 laenitatem
1086 2867 1205 2928 habente

267 2941 404 3005 iacienda
418 2946 641 3022 praescribitur.
659 2945 801 3011 Peccaret
815 2949 915 3025 itaque
931 2946 1089 3018 Sacerdos,
1106 2950 1131 3008 si
1145 2962 1206 3006 con·

268 3031 315 3085 tra
337 3025 428 3089 ritum
450 3025 481 3085 in
502 3028 631 3104 antiquis
646 3032 876 3105 recentibnsque
897 3027 1142 3099 pontificalibus,
1164 3026 1207 3085 Ri-

268 3104 410 3179 tualihus‚
435 3108 616 3181 blissnlibus,
640 3116 729 3188 atque
750 3110 890 3175 Conciliis
911 3114 1143 3192 praescriptum,
1157 3109 1205 3185 Py·

267 3188 367 3250 xidem
389 3189 547 3270 adhiberet
567 3207 626 3252 non
640 3194 724 3271 prius
745 3194 803 3254 rite
825 3192 1012 3254 benedictam
1033 3212 1091 3273 pro
1112 3205 1205 3255 conse

267 3270 387 3332 crandls
408 3270 571 3348 particulis.

309 3350 364 3413 lli.
387 3352 651 3427 Quemadmodum
673 3357 863 3433 optimo-nec
884 3358 956 3417 satis
984 3356 1127 3417 laudabili
1149 3368 1203 3414 con

201 3449 206 3460 ⁸
269 3432 394 3511 siliotah
414 3434 546 3497 Ecclesia
568 3437 785 3515 praescriptum
806 3436 887 3507 init,
909 3444 944 3499 ut
964 3440 993 3498 iu
1015 3438 1133 3500 decenti
1160 3448 1203 3495 uo·

274 3513 385 3591 bilique
401 3514 496 3593 juxta·
510 3516 566 3577 loci
579 3520 764 3594 >qualitatem
784 3515 1001 3581 Tabernaculo·
1010 3520 1199 3581 recordaturi

268 3600 502 3672 asserveturqne
530 3603 677 3676 perpetuo
704 3598 931 3662 Sacramentum
962 3600 1036 3664 illud
1067 3594 1202 3662 Euchari-
