2567 4042
584 235 644 294 eet
665 221 725 283 276
747 231 806 292 <tce

593 430 719 493 CAPUT
741 433 795 493 lV.

334 615 375 657 os
397 614 573 670 rannone,
597 615 675 659 roco
699 616 738 658 ετ
761 614 895 658 orvansa
920 613 1059 658 uertens
1143 603 1145 608 “

354 697 550 740 conuersum
574 696 742 748 snrrrsrm,
767 697 807 740 ar
830 697 871 739 os
894 697 1038 742 nirmms

262 843 288 903 l.
302 843 450 904 Potissimi
465 842 701 904 administrando
717 844 891 921 Baptismati
907 845 977 904 olim
994 845 1023 904 in
1037 839 1170 904 Ecclesia

223 927 323 986 indicti
338 925 402 985 dies
417 925 607 1002 peruigilium
624 925 757 987 Paschae
773 932 804 986 et
819 923 1019 996 pentecostes,
1034 924 1166 986 lueruntt

222 1025 299 1085 quae
313 1007 434 1084 quidem
447 1013 585 1077 constans
596 1016 642 1068 est
654 1016 685 1070 et
694 1009 858 1069 indubitata
871 1007 949 1085 apud
962 1008 1094 1068 eruditos
1105 1022 1171 1067 sen·

222 1090 324 1160 tentia,
338 1107 429 1166 quam
446 1088 567 1149 infinitis
584 1109 675 1168 prope
690 1098 827 1152 veterum
840 1089 1026 1168 Scriptorum
1042 1090 1170 1149 testimo·

223 1173 279 1231 niis
293 1173 491 1250 comprobare
506 1189 672 1248 possemus.
690 1171 815 1251 insignis
826 1180 871 1234 est
882 1171 959 1232 hanc
975 1173 1004 1232 in
1022 1172 1085 1232 rem
1101 1167 1171 1228 Ter-

223 1255 337 1315 tulliani
352 1255 434 1315 locus
450 1255 479 1314 in
495 1254 597 1314 Libro:
615 1252 809 1335 deBopte'smo
819 1252 891 1332 Cap.
903 1253 951 1325 te,
961 1253 1046 1333 cujus
1056 1251 1171 1312 suffra-

222 1338 269 1415 gio
292 1337 365 1397 nihil
387 1339 497 1398 certius
511 1341 562 1397 aut
577 1337 727 1414 antiquius
742 1336 870 1412 proferri
886 1337 993 1414 potest.
1008 1335 1106 1402 Diem,
1126 1333 1169 1392 in-

222 1421 296 1496 quit,
312 1417 467 1498 Baptistae
486 1419 698 1479 sollemniorem
721 1417 835 1480 Pascha
846 1427 1033 1498 praestet...
1051 1413 1171 1477 Eoeinde

225 1498 392 1561 Pentecoste
411 1499 595 1561 ordinandis
616 1501 748 1561 lavacris
769 1501 948 1562 latissimum
969 1499 1098 1580 spetiem
1117 1505 1169 1557 est.

222 1583 336 1646 Eadem
348 1589 484 1658 tempora
495 1583 630 1660 designat
640 1575 882 1661 SHieronymus
896 1583 933 1642 ad
945 1580 1175 1660 Pammachium

222 1665 355 1726 scribens
377 1664 520 1724 adversus
541 1662 708 1723 Johannem
731 1663 1026 1744 ierosolymitanum,
1050 1667 1081 1723 et
1100 1661 1173 1722 For·

221 1752 342 1807 tanatos
356 1748 387 1804 in
398 1746 490 1806 Libro
505 1747 594 1806 tertio
608 1744 747 1805 Carmine
763 1747 900 1823 septimo,
921 1745 973 1806 ubi
989 1745 1049 1822 agit
1071 1744 1108 1804 de
1124 1761 1174 1804 so·

222 1828 376 1888 lemnitate
390 1827 537 1888 Paschali.
554 1827 638 1888 ldem
654 1827 818 1889 decernunt
833 1829 923 1888 etiam
939 1828 1040 1905 plures
1051 1826 1171 1886 Summi

222 1907 393 1979 Pontifices,
417 1913 550 1970 maxime
571 1928 645 1971 nero
668 1907 793 1969 Siricius
808 1908 898 1987 Papa,
923 1909 983 1969 Leo
997 1907 1124 1986 Magnus
1138 1913 1173 1968 et

221 1989 357 2054 Gelasius
378 1991 512 2072 Epistola
540 1991 560 2051 9
582 1993 617 2052 ad
641 1991 795 2052 universos
817 1993 991 2071 Episcopus.
1015 1990 1097 2052 ldem
1120 2007 1175 2067 pa-

219 2079 263 2135 tet
283 2075 374 2136 etiam
396 2093 434 2136 ex
456 2075 626 2136 hortatione
648 2091 726 2151 quae
747 2071 839 2158 siebat
862 2075 933 2135 olim
956 2074 992 2134 ab
1021 2055 1173 2150 Episcopo

219 2157 255 2215 ad
277 2158 469 2228 ordinandos,
492 2173 586 2233 quam
607 2176 645 2218 ex
667 2152 776 2232 Codice
792 2155 937 2216 Thuaneo
960 2155 1011 2232 qui
1033 2155 1175 2215 servaba-

219 2245 271 2299 tur
292 2240 322 2297 in
345 2239 531 2299 Bibliotheca
552 2237 732 2304 colbertina,
756 2239 890 2316 vulgavit
910 2237 1059 2298 lohannes
1075 2236 1174 2298 Mori-

219 2338 288 2389 nos,
311 2327 342 2382 et
363 2339 401 2381 ex
423 2319 571 2399 Synodion
592 2318 728 2380 Ratherii
744 2319 926 2380 Veronensis
939 2319 1090 2397 Episcopi,
1108 2318 1176 2396 Spi-

219 2403 316 2480 oilegii
338 2402 425 2462 Tom.
448 2402 488 2471 ll,
511 2401 600 2462 edita.
625 2401 759 2462 Paschae
787 2401 1034 2479 Pentecostesque
1065 2400 1174 2460 diebus

168 2485 170 2503 '
219 2484 327 2546 Graeci
350 2487 472 2545 tertium
495 2481 683 2562 Epiphaniae
706 2483 816 2542 testum
838 2484 1042 2554 addiderunt,
1067 2483 1117 2560 qui
1139 2483 1174 2542 in

218 2568 395 2626 memoriam
417 2566 478 2626 dati
500 2566 556 2627 hac
579 2567 627 2625 die
660 2585 677 2626 a
699 2565 812 2626 Joauoe
834 2567 952 2627 Christo
980 2564 1171 2641 baptismatis

217 2648 382 2708 solemnem
419 2650 478 2710 hoc
500 2648 530 2706 in
552 2649 627 2708 testo
651 2649 829 2726 baptismum
862 2649 943 2708 omni
966 2654 1101 2724 tempore
1124 2663 1174 2706 ce·
1218 2677 1223 2691 ·

218 2730 398 2803 labrarum,
422 2734 457 2792 ut
478 2735 561 2808 patet
581 2749 638 2799 non
661 2730 755 2791 solum
778 2747 815 2788 ex
838 2748 942 2790 eorum
965 2727 1170 2806 Euchologio‚

218 2812 268 2872 sed
291 2816 381 2875 etiam
404 2830 442 2873 ex
456 2811 602 2890 Gregorio
615 2810 762 2895 Nysseno‚
780 2812 830 2887 qui
854 2811 914 2872 hac
932 2811 980 2872 die
1002 2811 1172 2871 orationem

216 2895 254 2955 de
276 2895 457 2973 Baptismate
479 2895 555 2956 dixit
576 2895 612 2954 ad
635 2892 837 2974 baptizandos.

258 2974 297 3041 ll.
321 2976 427 3055 Neque
448 2995 520 3038 vero
546 2977 706 3056 singularis
736 2974 794 3036 luit
815 2974 1020 3035 Orientalibus
1046 2975 1075 3034 in
1098 2971 1169 3052 Epi·

216 3059 326 3135 phania
349 3059 516 3138 baptizandi
531 3059 726 3120 consuetudo.
741 3055 786 3115 Ea
802 3056 949 3132 siquidem
964 3058 1060 3134 viguit
1075 3053 1170 3117 etiam

217 3143 247 3199 in
263 3140 378 3213 Africa,
391 3145 426 3201 ut
448 3145 564 3202 constat
586 3160 622 3200 ex
638 3139 769 3201 Victoris
786 3137 917 3199 Vitensis
932 3139 1023 3200 Libro
1039 3138 1172 3199 secundo

216 3223 253 3284 de
275 3220 481 3285 Percecntione
507 3223 681 3284 Vcndntioo.
707 3219 805 3281 Fuere
834 3223 913 3283 enim
940 3221 1088 3298 quaedam
1109 3218 1170 3290 Ec-

215 3307 348 3375 clesiae,
380 3323 457 3382 quae
478 3306 576 3374 alios,
607 3311 729 3382 praeter
752 3309 958 3369 memoratos,
983 3303 1072 3364 festos
1103 3301 1168 3364 dies

214 3387 358 3463 Baptismi
380 3387 628 3448 administrationi
650 3387 837 3448 addicebant.
856 3382 889 3444 ln
910 3383 1013 3445 Galliis
1035 3385 1166 3463 quinque

215 3469 404 3543 potissimum
432 3469 461 3528 io
482 3486 560 3529 anno
582 3469 645 3529 dies
673 3468 710 3528 ad
733 3466 898 3528 solemnem
920 3467 1064 3546 Baptismi
1087 3468 1166 3527 cele-

215 3550 382 3609 brationem
403 3550 571 3626 designatos
593 3551 712 3627 reperio
740 3549 818 3626 apud
841 3555 1002 3610 auctores:
1027 3547 1166 3608 Natalem

214 3631 346 3702 Domini,
371 3632 580 3711 Epiphaniam,
604 3631 747 3702 Pascha,
772 3628 968 3693 Pentecosten
990 3637 1020 3692 et
1041 3629 1167 3692 Festum
