2567 4042
476 149 697 265 *amane

102 322 180 384 idest
201 320 358 404 Episcopo,
375 321 502 404 offertur
511 323 604 400 poetis
627 333 654 386 ei
664 324 810 410 poculum
831 342 926 401 equae
941 298 1060 385 etvini.
1136 290 1137 295 ἵ
1227 287 1230 303 ¹

102 404 133 466 S.
158 405 328 485 Cyprianus
351 406 380 464 in
395 406 485 465 Libro
508 405 542 464 de
565 423 672 485 opere,
696 415 723 465 et
738 405 921 484 eleemosynis
942 401 1062 484 Cap.V

101 493 214 567 aparte.
230 489 362 565 loquitur
383 489 420 548 de
442 487 642 548 oblationibus
665 487 703 546 ad
724 487 830 548 altare.
1044 500 1047 505 '

102 597 108 606 ·
140 567 197 641 iv„
222 568 445 631 Praelationum
468 588 556 630 usum
574 568 650 647 'jam
674 570 703 628 in
726 569 798 644 ipsis
818 568 977 630 Ecclesiae·
1003 569 1062 646 pri·

101 652 244 732 mordiis,
261 651 429 728 earumque
443 651 661 712 institutionem
677 651 726 713 vei
741 650 902 728 Apostoiis‚
919 658 972 711 aut
991 649 1060 728 apo

100 733 215 794 stolicis
236 735 310 794 viris
328 734 540 806 tribuendam,
564 739 719 811 umquam
748 738 868 794 centurn
901 731 1062 794 ostendunt

100 813 268 876 Cardlnaiis
289 815 391 884 Bona,
414 816 545 893 Pagina,
570 816 681 892 aliique
702 815 865 875 doctissimi
886 816 955 875 viri.
983 812 1061 874 Inte-

100 909 157 973 gra
186 883 371 974 nostraoipue
399 899 550 958 simillima
579 895 731 958 Praefatio
760 897 869 974 legitur
895 899 925 957 in
955 894 1059 956 Jaeobi

101 978 242 1059 liturgia
259 1017 281 1050 ,ω
291 979 417 1061 ejusque
439 980 551 1040 mentio
579 980 660 1056 apud
688 976 911 1041 vetustissimos
936 979 1060 1039 secundi

99 1067 132 1122 et
166 1063 247 1124 tertii
275 1061 386 1124 saeculi
413 1061 517 1122 Patres
544 1061 686 1123 habetur.
716 1060 883 1141 Cyprianus
912 1060 1004 1121 Libro
1026 1059 1062 1120 de
1161 1091 1164 1098 ·

81 1141 251 1224 „Oratione
273 1145 443 1216 Demoleo,
461 1143 531 1202 Ideo
552 1151 578 1202 et
599 1143 752 1213 Sacerdos,
775 1144 882 1222 inquit,
907 1154 974 1204 ente
995 1161 1063 1202 ore-

99 1227 233 1296 ltonem?‚
256 1224 446 1304 Praefatioee
468 1225 652 1302 praemisse,
669 1236 766 1307 peret
788 1227 923 1304 fratrem
942 1235 1061 1294 mentem

100 1301 242 1370 diceieelo:
256 1307 382 1369 Sursum
394 1307 504 1370 Corde.
521 1306 622 1385 ipsum
639 1327 758 1386 quoque
773 1307 934 1376 Canonem,
951 1307 1003 1384 qui
1020 1307 1062 1364 in

100 1390 196 1470 siguis
218 1395 266 1450 est
285 1390 394 1450 Missae
416 1407 496 1469 pars,
520 1407 557 1449 ex
579 1391 741 1467 apostoliea
774 1390 933 1451 traditione
958 1388 1063 1450 Eccle-

100 1474 180 1534 siam
201 1474 388 1550 suscepisse·
398 1473 548 1548 conceptis
562 1473 664 1532 verbis
675 1477 807 1538 ,testatur
822 1471 951 1550 Vigilius
967 1470 1058 1546 Papa,

99 1553 231 1632 epistola
258 1552 295 1614 ad
321 1551 519 1614 Profuturum
546 1551 730 1632 Episcopum
753 1549 980 1615 Bracarensem’.
1004 1549 1064 1612 Pro

99 1636 262 1698 Defunctis
278 1643 378 1699 autem
394 1637 539 1697 orandum
554 1654 631 1716 esse,
645 1639 760 1716 pariter
774 1647 812 1698 ex
823 1637 986 1712 apostolica
1001 1638 1064 1713 tra·

100 1715 218 1804 ditione
241 1719 352 1778 diserte
375 1715 463 1778 docet
482 1716 719 1800 Chrysostonrus
741 1717 873 1780 Homilia
887 1716 929 1776 69
950 1715 986 1776 ad
1008 1714 1065 1776 Po·

99 1800 213 1880 pulum
236 1800 482 1862 antiochensem.
506 1797 575 1860 Noa
596 1809 715 1872 temere,
738 1803 845 1878 inquit,
869 1797 1065 1878 coapostolis

99 1885 174 1944 hoec
202 1883 320 1949 sancite
346 1883 474 1962 suerunt
495 1893 529 1942 et
555 1882 590 1940 in
611 1883 771 1943 tremendis
786 1881 936 1962 Mysteriie
950 1878 1065 1958 Defue-

101 1975 224 2026 clorum
246 1975 353 2044 apator
378 1963 633 2026 Commemoratio.
659 1964 704 2024 Ile
724 1965 876 2025 Orationis
891 1962 1065 2023 Dominieae

100 2046 282 2108 recitatione
303 2055 371 2125 post
391 2043 692 2121 HostiaoCalieisque
719 2047 974 2107 consecrationem
996 2043 1066 2104 iliu·

99 2131 176 2190 stris
198 2128 281 2190 iocus
303 2127 400 2188 est-S.
418 2125 604 2206 Hieronymi·
621 2125 688 2186 Lib.
706 2127 720 2187 i
736 2127 876 2188 aduersus
891 2124 1067 2204 Pelaqiunos

101 2209 181 2290 Cap.
207 2208 246 2269 18
268 2211 318 2272 ubi
341 2211 378 2270 de
399 2208 519 2270 Christo
542 2209 603 2269 ait:
623 2203 684 2270 *Sie‘
699 2208 799 2270 docuit
815 2207 966 2289 Apostolos
986 2225 1064 2276 sees,
1150 2274 1152 2281 ,

101 2304 138 2354 ut
160 2291 295 2372 qnotidie
316 2296 351 2352 ire
375 2293 513 2372 Corporis
534 2292 618 2352 illiue
639 2291 785 2373 terrifico
807 2291 939 2352 audeant
954 2287 1063 2348 dicere:

103 2373 202 2435 anter
228 2383 328 2434 noster
354 2375 406 2452 qni
427 2393 455 2433 ee
475 2373 510 2432 ln
529 2373 624 2433 coelis.
648 2371 863 2452 Apostolorum
884 2373 975 2432 etiam
998 2379 1064 2430 moe

103 2457 165 2518 [uit
191 2459 222 2514 et
251 2457 281 2515 in
303 2453 440 2516 Ecclesia
468 2473 587 2532 semper
613 2455 812 2527 observatus,
843 2462 878 2517 ut
897 2468 982 2514 sacra
1002 2447 1069 2512 ue

102 2539 164 2598 stia
187 2537 217 2596 in
240 2535 393 2598 Sacrificio
414 2537 610 2597 divideretur:
635 2543 724 2614 atquo
747 2537 788 2608 id,
812 2555 882 2598 eum
904 2553 959 2613 per
974 2535 1066 2612 penit

102 2619 287 2696 fractionem
311 2623 377 2679 tum
406 2621 436 2678 in
457 2617 622 2696 Evangelio
640 2619 762 2688 Lucae,
791 2617 856 2679 tum
881 2621 910 2677 in
932 2615 1067 2695 Epistola

101 2699 195 2761 Pauli
223 2702 261 2761 ad
282 2699 452 2762 Corinthios
478 2719 509 2762 r.
533 2700 573 2761 10
600 2706 755 2778 tamquam
783 2719 801 2760 a
824 2699 953 2760 Domino
983 2699 1068 2759 insti*

105 2783 389 2853 cucumerarium,
412 2786 526 2844 mirum
548 2797 605 2842 non
621 2787 688 2854 est,
705 2782 785 2859 quod
799 2784 837 2843 ab
852 2780 986 2842 Ecclesia
1001 2779 1069 2841 iue-

105 2866 149 2925 rit
171 2860 385 2926 inviolabiliter
406 2865 600 2928 custoditum.
617 2863 663 2924 De
684 2864 787 2924 osculo
802 2867 885 2943 pacis
898 2870 967 2924 ante
980 2861 1067 2925 Com-¹

104 2947 284 3008 munionem
308 2953 462 3024 tamquam
486 2949 523 3007 ab
545 2947 698 3024 Apostoiis
712 2946 849 3007 instituto
864 2964 1005 3026 expresse
1020 2947 1064 3006 ai·

106 3027 236 3088 firmant
249 3034 367 3090 veteres
381 3031 487 3092 Patres
502 3026 636 3089 lustinus
651 3070 659 3097 ‚
677 3024 825 3106 Apologia
838 3027 981 3097 secundm
994 3025 1066 3086 Ter·

108 3110 273 3178 tullianus,
296 3109 331 3169 'de
361 3110 502 3174 Oratione
524 3112 619 3189 capite
635 3111 871 3186 decimoquarto.
888 3109 1067 3171 Orationum

106 3207 203 3269 porro
221 3163 391 3254 clausuldm
423 3194 503 3254 iliam
531 3192 590 3254 Per
611 3191 775 3252 Itomieem
800 3200 853 3254 ete.
886 3191 944 3254 Per
964 3191 1068 3252 omnio

105 3273 235 3335 maele
262 3277 469 3347 saecolorum,
492 3292 571 3352 quae
599 3273 844 3350 frequentissime
874 3277 905 3335 in
927 3273 1067 3336 omnibus

109 3354 255 3432 Liturgiis
275 3358 437 3433 reperitur,
461 3358 498 3417 ah
520 3355 671 3434 Apostolis
691 3355 824 3416 derivari
846 3357 935 3417 tradit
954 3355 985 3416 S.
1005 3354 1067 3416 lrc·

110 3453 218 3504 naeus,
231 3436 323 3500 Libro
338 3441 442 3514 quinto
465 3434 615 3498 adversus
633 3437 788 3508 haereses,
806 3440 903 3516 capite
918 3437 953 3508 63
971 3438 1072 3500 eleva-

109 3521 226 3582 tionem
240 3533 472 3584 veromanuum
482 3519 705 3596 ‘oculorumque
720 3523 751 3580 et
766 3519 987 3581 inclinationem
1002 3535 1069 3578 cor·

112 3601 196 3680 poris
219 3598 319 3665 [uisse.
333 3605 538 3664 caeremonias
560 3603 591 3661 in
611 3600 711 3681 primo
721 3599 874 3663 Ecclesiae
885 3601 1007 3663 saeculo
1017 3599 1072 3658 ob·

892 3696 907 3724 ,
1116 3704 1123 3713 ,
