2567 4042
627 182 688 247 aa
710 175 749 237 ld
770 185 831 247 dee

258 310 448 383 augurantur
468 277 623 364 Ecclesiae
645 303 799 375 Ministri,
823 305 978 384 proprium
1002 322 1095 364 novae
1117 304 1202 381 Legis

258 388 499 481 Sacramentum,
516 404 556 447 ex
569 384 677 462 Sacris
699 386 831 467 Litteris,
849 387 1012 474 apostolica
1035 386 1200 452 traditione

261 477 292 529 et
314 470 446 529 unanimi
440 451 585 529 'Patrurn
608 485 781 541 consensu,
816 476 851 531 ut
871 467 953 543 Fidei
975 469 1082 545 dogma
1104 468 1204 528 statuit

257 546 420 611 Comitium
444 547 662 617 Florentinum,
679 556 711 610 et
733 552 892 613 novissime
914 550 1121 611 Tridentinum
1138 550 1203 661 Ses-

255 633 338 692 sione
360 630 472 692 XXIII
495 630 539 690 ue
565 627 691 693 Ordine.

294 715 336 775 II.
359 714 450 789 liqui
473 731 528 791 pro
549 714 642 772 sacris
665 715 838 777 ministeriis
856 704 999 776 obeundis
1022 713 1200 782 initiantur,

253 796 396 858 dicuutur
416 793 538 865 Clerici,
555 813 614 871 quo
631 799 750 858 nomine
766 798 959 874 designantur
973 812 1078 855 omnes
1093 795 1145 871 qui
1163 797 1203 856 di-

253 880 323 939 vino
346 878 439 938 cultui
459 838 556 937 officia
572 875 738 954 Religionis
758 880 944 956 impendunt
964 877 1049 937 Illius
1064 876 1202 939 vocabuli

254 966 378 1039 etymon
400 960 550 1035 exponit
543 978 572 1017 ιιι
589 957 725 1038 Epistola
739 960 787 1021 3t‘
809 962 846 1022 ad
861 952 1120 1038 Nepotianum'S.
1129 956 1202 1020 Hie·

252 1058 397 1120 ronymus
419 1041 562 1101 scelhens·
584 1046 703 1121 Kinpos
726 1060 845 1122 praece,
868 1042 940 1105 Sors
961 1040 1053 1101 latice
1073 1043 1203 1121 appello-

250 1131 313 1200 tur,
329 1133 489 1202 propterea
511 1133 658 1183 occantur
683 1124 802 1193 Clerici,
818 1126 863 1185 vel
885 1125 957 1203 quio
980 1122 1014 1183 de
1031 1132 1114 1185 sorte
1134 1133 1202 1190 sunt

255 1204 397 1273 Domini,
421 1205 467 1265 uel
489 1204 562 1283 quio
582 1207 645 1282 ipse
666 1206 839 1289 Dumium
832 1220 906 1287 sors,
926 1205 1020 1273 idest,
1039 1221 1115 1281 pers
1139 1204 1202 1265 Cic·

254 1288 389 1348 cicorum
410 1287 550 1363 estsAge
572 1281 750 1358 videamus,
774 1290 902 1365 quaein
925 1286 1105 1348 Ordinandis
1134 1288 1202 1357 ιιι-

256 1369 363 1431 minari
386 1368 505 1430 mandat
526 1376 662 1442 nostrum
684 1368 856 1431 Pontificale
872 1369 1054 1448 Romanum.
1078 1352 1202 1443 Episco-

257 1471 323 1529 pus,
347 1450 557 1512 Sacerdotibus
579 1450 697 1517 divinae
718 1451 806 1531 Legis
828 1453 931 1530 peritis
946 1470 981 1511 ac
1003 1451 1031 1508 iu
1054 1446 1203 1510 Ecclesia·

254 1535 335 1595 sticis
356 1532 558 1593 lunationibus
579 1534 751 1594 exercitatis
772 1535 827 1594 sihi
851 1534 991 1599 adscitis,
1015 1529 1203 1592 Ordinando·

254 1635 322 1675 rum
344 1632 448 1693 genus,
471 1632 648 1691 personam,
656 1622 813 1697 aetateur,
770 1616 1064 1682 minstitutionem‚
1088 1630 1199 1683 mores,

253 1697 419 1757 doctrinam
441 1702 472 1756 et
493 1694 582 1757 fidem
605 1695 761 1773 diligenter
782 1700 962 1775 investiget,
986 1702 1017 1758 et
1037 1696 1199 1755 examinet

253 1776 385 1841 Genus
376 1798 406 1837 m
429 1778 533 1855 primis
559 1776 645 1856 jubet
667 1780 904 1858 investIgandum
928 1784 1064 1839 nostrum
1084 1774 1201 1836 Pontifi

254 1862 335 1921 cale:
359 1878 397 1919 an
418 1878 456 1919 ex
477 1858 639 1920 Catholicis
659 1861 794 1932 scilioct,
820 1863 869 1923 vel
892 1860 1048 1923 haereticis
1072 1861 1201 1936 parenti·

253 1943 335 2010 hus,
359 1951 397 2002 an'
429 1939 574 2019 exjustis
604 1943 737 2019 nuptiis
748 1944 809 2005 nati
831 1931 900 2011 sint.
925 1942 1012 2005 Circa
1043 1954 1201 2017 personam

251 2023 414 2085 Ordinandi
437 2020 641 2101 quaerendum
664 2030 720 2096 cst,
739 2030 783 2085 'an
806 2036 932 2104 corpore
954 2026 1055 2085 vitiata
1079 2023 1129 2089 sit,
1147 2025 1202 2084 ,vel

253 2109 409 2186 insigniter
430 2105 596 2177 deformis,
618 2105 776 2168 Canonicis
798 2109 908 2167 etenim
930 2108 1045 2167 iteratis
1072 2106 1200 2165 sanctio

254 2191 342 2252 nibus
370 2190 629 2266 providentissime
653 2194 777 2249 cautum
799 2193 879 2257 cst,
894 2208 930 2250 ue
954 2186 1126 2265 hujusmodi
1149 2186 1202 2247 ho·

252 2272 349 2333 mines
370 2270 590 2330 ordinarentur.
614 2268 678 2329 Non
701 2271 1030 2349 estfpraetermitteuda
1063 2270 1101 2329 ab
1123 2268 1202 2329 Exa-

253 2353 451 2414 minatoribus
472 2352 597 2429 diligens
619 2352 817 2416 consideratio
839 2360 949 2424 motus,
974 2357 1086 2429 gestus,
1110 2353 1202 2415 inces-

253 2446 316 2499 sus.
340 2438 490 2510 aspectus,
516 2433 683 2502 locutionis,
694 2437 737 2493 'to‘
739 2435 797 2495 tius
819 2432 938 2495 habitus
960 2435 1121 2511 corporis,
1147 2435 1198 2509 qui

253 2518 277 2577 si
300 2517 453 2578 levitatem
475 2516 596 2591 sapiat,
621 2514 658 2574 ad
681 2514 809 2575 Ordines
831 2532 888 2575 non
910 2515 997 2575 facile
1025 2515 1201 2575 admittendi

252 2605 321 2659 sunt
342 2598 501 2658 candidati.
520 2594 612 2669 Quod
641 2603 757 2673 spectat
778 2602 908 2663 aetatem
930 2596 1197 2671 Ordinandorum,
1204 2622 1205 2626 ¹

252 2680 340 2741 docet
361 2679 391 2740 S
409 2678 470 2739 Lco
492 2678 630 2755 Magnus,
654 2677 733 2742 illud
749 2678 884 2775 Apostoli
908 2674 1083 2740 monitum*
1076 2697 1104 2739 m
1128 2665 1199 2757 Epi-

253 2762 326 2823 stola
342 2762 439 2859 prima
455 2756 495 2820 ad
507 2752 701 2822 Timotheum
719 2762 836 2857 capite
828 2760 857 2821 V
872 2759 996 2822 Nemini
1017 2760 1075 2821 cito
1091 2778 1198 2821 mones

251 2845 428 2924 imposueris
451 2843 610 2919 respicere,
627 2843 742 2939 atque'
734 2861 763 2901 m
780 2843 883 2940 primis
898 2843 1061 2919 legitimam
1078 2859 1199 2919 proruo-

251 2926 339 2985 vendi
361 2931 504 2986 aetatem.
522 2923 569 2984 Sic
590 2926 671 2984 enim
680 2924 815 3004 inquit,
839 2925 867 2983 in
884 2922 1021 3005 Epistola
1035 2922 1201 2984 LXXXVI

257 3004 339 3083 Quid
361 3019 402 3068 cat
425 3010 481 3068 cito
504 3023 609 3066 munus
630 3023 800 3084 cmponcre,
824 3006 884 3066 occi
904 3016 974 3067 unte
989 3014 1115 3065 oetatem
1137 3024 1200 3065 mu·

252 3090 399 3161 luricatis,
425 3099 494 3149 oete
516 3097 627 3166 tempos
651 3088 810 3161 enuntiata,
824 3098 893 3147 onte
915 3089 1055 3148 meritum
1077 3088 1197 3155 loboris,

251 3180 320 3230 oute
348 3173 566 3250 eaperieutaum
598 3169 777 3245 discipliuae
805 3168 1024 3231 Sacerdototem
1055 3170 1198 3229 honorem
1260 3218 1261 3249 ι

251 3252 383 3312 tribuere
404 3273 464 3313 ιιοιι
478 3251 628 3331 prodetis?
643 3249 766 3311 Praeter
788 3252 967 3329 probitatem
984 3252 1012 3311 ιι
1015 3257 1072 3317 t‚ae
1091 3251 1198 3311 dehent

251 3332 343 3419 etlam
370 3352 436 3397 esse
458 3333 582 3413 praediti
605 3333 728 3393 scientia
762 3335 798 3392 ad
819 3330 947 3395 Ordines
968 3332 1195 3412 promovendi:
1260 3338 1261 3403 ξ

252 3410 328 3489 duae
343 3416 465 3491 quidem
487 3437 544 3477 non
568 3433 621 3489 per
643 3419 735 3475 testes
764 3420 794 3474 et
816 3414 938 3487 lauram,
956 3414 1006 3477 sed
1029 3433 1064 3475 ex
1088 3414 1197 3483 actuali

252 3498 390 3556 examine
412 3498 531 3592 probari
554 3497 655 3570 debet3
680 3495 771 3571 quod
782 3496 860 3570 adeo
877 3516 983 3558 verum
1006 3502 1062 3564 cst,
1088 3502 1120 3557 ut
1142 3512 1195 3555 nec

251 3574 453 3653 Regulares
445 3580 499 3656 ipsi
521 3580 714 3648 excusentur,
739 3566 897 3655 duominus
919 3580 954 3639 dc
971 3579 1103 3639 doctriua
1126 3595 1193 3637 exa·
1260 3580 1261 3649 l
