2567 4042
581 194 806 265 monitae

221 329 323 385 autem
345 322 528 387 Chrismate.
556 320 730 405 Respondet
757 324 786 385 id
819 324 886 385 ideo
908 322 1002 395 fieri,
1032 325 1171 403 quonism

221 402 376 473 Ecclesia,
400 404 482 475 nae,
511 424 564 483 spe
590 419 623 473 et
643 407 812 477 charitate,
836 423 913 481 quae
935 406 1032 484 major
1057 416 1104 468 est
1125 424 1172 467 ce-

223 488 308 555 teris,
331 487 499 565 insignitur.
521 488 625 553 Verba
647 488 806 568 Scriptoris
833 488 909 549 haee
930 494 1025 549 sunt:
1049 488 1107 551 sca
1127 506 1174 549 re·

221 568 420 646 spondemus,
444 572 516 649 qnia
537 591 605 631 cnm
630 570 738 632 Sancti
761 568 891 648 Spiritus
913 568 991 629 dona
1012 572 1075 630 sint
1095 569 1173 630 mol-

222 650 351 731 tiplicia,
369 661 431 711 tres
453 661 554 711 tomen
567 654 693 717 virtutes
714 653 807 733 ipsius
825 649 935 711 Sancta
950 650 1084 712 Ecclesia
1102 668 1176 731 per-

221 734 403 793 necessarias
433 732 543 802 lactet,
567 735 630 797 sinc
652 734 759 813 quitus
790 734 909 795 raineri
934 735 1062 811 nequit,
1086 732 1177 812 prino

207 814 340 887 ¹seilicet,
364 832 455 893 speon
473 824 502 873 et
523 816 712 879 claritatem.
740 812 821 889 Quia
843 832 911 893 erpo
932 816 1031 875 triam
1052 814 1099 873 lais
1118 814 1176 874 uir·

222 897 335 955 totilas
356 913 449 972 penna
469 896 634 959 lunianum
664 896 766 963 ditat,
797 895 892 957 tribur
913 896 1104 957 unctionibus
1129 912 1177 954 sa-

221 994 308 1035 crum
334 974 439 1036 Altero
461 975 594 1041 decorat.
617 979 740 1041 Constat
768 976 817 1037 hic
842 977 919 1037 ritus
940 994 977 1037 ex
1000 976 1074 1037 Can.
1097 974 1177 1036 XIV

187 1087 192 1091 ·
220 1055 345 1118 Consilii
359 1057 553 1133 Agatheam,
571 1062 623 1137 qui
646 1062 687 1121 ita
709 1059 821 1133 inquit:
845 1055 966 1118 Altaria
978 1060 1094 1137 placuit
1114 1076 1177 1117 nnn

219 1140 315 1199 solnm
336 1140 474 1197 unctione
498 1140 689 1211 cirismatis,
713 1138 764 1201 red
785 1140 874 1201 naon
895 1157 927 1199 sn
963 1138 1075 1199 rdotoli
1093 1142 1178 1199 ncnc·

221 1221 350 1280 dictione
381 1221 520 1281 sacram:
536 1222 593 1284 Cui
625 1223 703 1283 adde
734 1220 885 1282 Canonem
908 1219 940 1281 X
975 1220 1019 1281 Vl
1048 1220 1176 1283 Concilii

220 1302 417 1380 limenensis,
434 1302 464 1361 in
487 1320 549 1379 quo
569 1310 693 1367 cautum
710 1306 768 1363 est:
786 1312 821 1362 nt
835 1300 958 1363 Altaria
971 1304 1040 1363 'nisi
1052 1300 1179 1383 lapidea

219 1383 368 1462 infusione
386 1382 561 1446 cirismatis
582 1404 642 1445 noo
663 1394 832 1445 sacrentur.
856 1382 944 1445 Ritus
964 1384 1087 1461 insuper
1107 1401 1178 1443 cre-

220 1465 322 1525 mandi
347 1466 504 1526 incensum
531 1484 624 1544 super
646 1466 750 1527 Altare
778 1466 807 1525 in
831 1466 932 1525 multis
963 1468 1046 1527 extat
1071 1464 1176 1525 Ponti·

87 1542 102 1565 ”
219 1545 380 1615 finalibus,
404 1552 436 1607 et
457 1564 475 1605 a
496 1548 650 1624 plerisque
672 1547 869 1625 scriptoribus
896 1549 1016 1625 egregie
1039 1547 1177 1627 explica·

220 1634 284 1697 tur;
308 1646 440 1703 eumque
457 1628 641 1690 adamussim
664 1630 797 1689 servavit
818 1626 955 1691 Urbanus
969 1629 1014 1690 lll
1035 1628 1176 1699 Pontifex

219 1706 394 1776 Maximus,
418 1726 488 1768 cum
510 1728 588 1770 anno
609 1708 835 1772 Munxxxvl
862 1712 1048 1773 consecravit
1068 1708 1180 1771 Eccle-

219 1790 298 1849 siam
321 1789 352 1850 S.
375 1782 488 1849 iuliani
509 1792 546 1851 de
567 1792 692 1869 Lepida,
715 1810 769 1853 seu
790 1788 883 1869 Lepia
905 1792 935 1851 in
957 1790 1093 1853 districtu
1110 1791 1177 1853 Ve-

218 1872 350 1939 ronensi,
374 1872 418 1931 uti
439 1875 557 1933 constat
577 1891 622 1954 cx·
638 1874 814 1949 pervetusta
829 1874 986 1944 memoria,
1011 1892 1064 1935 seu
1086 1874 1175 1935 sche-

219 1953 289 2013 dnla
320 1951 398 2029 apud
422 1951 595 2031 Ugltellium
617 1952 728 2015 ltaliae
758 1952 870 2015 Sucina
900 1960 974 2037 tom.
998 1954 1027 2015 V
1053 1957 1173 2032 primae

216 2034 380 2106 editionis,
404 2052 474 2113 pag.
497 2034 569 2095 760.
589 2034 690 2109 Quem
713 2037 805 2096 ritum
827 2036 984 2114 explicans
1001 2035 1175 2098 Guilelmus

217 2113 380 2177 Duranius
401 2116 432 2175 in
453 2134 508 2178 suo
521 2117 681 2188 Rationali,
698 2116 788 2177 Libro
804 2116 819 2177 l
838 2114 910 2195 Cap.
924 2118 983 2180 Vss
1004 2119 1045 2179 ita
1060 2118 1170 2196 inquit:

218 2196 291 2258 Post
311 2200 482 2258 unctionem
513 2198 652 2259 addetur
672 2200 851 2265 incensam,
881 2200 959 2277 quod
991 2198 1174 2281 amotionem

217 2280 362 2340 aerioma
383 2278 544 2359 ripnificnt.
568 2279 608 2341 ln
628 2284 758 2358 quinquo
780 2280 853 2340 locis
874 2280 1021 2350 adoinnrr
1033 2278 1175 2342 videncet

216 2362 252 2419 in
273 2372 403 2441 mutuor
422 2362 554 2439 anystis,
571 2362 654 2421 etin
675 2360 784 2430 medio,
802 2362 874 2440 pria
895 2362 937 2423 ric
950 2362 1091 2443 'qnoque
1105 2380 1171 2422 ron·

217 2456 266 2499 rur
288 2444 422 2520 corporis
443 2460 579 2502 cancere
602 2442 747 2509 delemur,
765 2449 799 2525 nt
817 2442 903 2519 fama
924 2443 992 2503 boni
1005 2440 1102 2523 operis
1117 2460 1173 2503 no-

217 2524 273 2586 stri
292 2540 385 2600 nsque
416 2522 458 2581 acl
480 2524 636 2603 proximos
664 2522 845 2583 recondatur
866 2528 925 2583 etc.
953 2523 1076 2587 Crucem
1098 2544 1172 2584 cuns
1271 2586 1272 2619 ἢ

216 2604 334 2663 inccmo
352 2605 473 2680 socna,
497 2610 624 2687 catejas
645 2601 747 2685 (idest
764 2601 898 2684 Christi)
916 2608 1085 2687 passionem
1106 2603 1170 2665 Pa-
1271 2630 1272 2657 r

213 2685 257 2743 tri
277 2682 449 2754 ostendere,
473 2695 501 2745 ot
520 2687 618 2763 iprum
634 2702 694 2763 pro
715 2687 797 2747 notia
816 2686 1019 2765 interpellare:

255 2762 296 2823 V.
319 2764 419 2827 semel
450 2783 485 2825 ac
507 2766 612 2827 Allata
635 2768 692 2828 luit
713 2771 946 2839 consecratum,
979 2784 1038 2829 non
1070 2773 1171 2843 potest

216 2845 344 2923 amplius
364 2849 549 2918 consecrari,
573 2850 617 2909 uti
640 2847 784 2909 Doctores
805 2850 1006 2909 communiter
1029 2842 1164 2911 tradunt.
1271 2850 1272 2927 l

214 2925 299 2989 llaec
320 2934 421 2990 tamen
443 2928 545 3006 regula
567 2930 631 2989 suis
653 2946 772 3007 quoque
794 2926 932 3007 subjecta
947 2936 993 2991 cst
1015 2932 1172 3011 exceptio·
1271 2928 1272 2973 t

214 3008 314 3070 nibrisi
336 3010 437 3071 Prima
468 3010 549 3071 enim
571 3008 709 3088 exceptio
731 3015 778 3071 est
791 3010 810 3080 3⁴
825 3011 944 3087 quando
978 3014 1169 3075 consecratio

212 3089 326 3159 Altaria
347 3092 427 3152 lacta
457 3091 514 3153 init
535 3092 600 3152 sinc
627 3092 728 3152 debita
758 3092 857 3151 fornia
885 3098 917 3157 et
937 3092 1063 3153 materia
1079 3108 1172 3171 psae-
1271 3148 1272 3173 p

212 3174 324 3251 scripta
346 3176 383 3235 ab
398 3170 543 3234 Ecclesia.
566 3172 671 3234 Altera
687 3174 826 3250 exceptio
841 3178 887 3235 est
900 3192 937 3237 eo
960 3176 989 3233 in
1005 3190 1090 3244 casu,
1106 3192 1170 3252 quo
1271 3218 1272 3239 t

213 3252 251 3313 aa
272 3254 384 3316 Alianis
406 3256 629 3317 consecratione
652 3256 761 3313 merito
782 3252 947 3318 dubitatur.
977 3254 1061 3315 Tunc
1083 3257 1169 3317 enim
1271 3242 1272 3311 l

213 3337 317 3413 procul
339 3335 430 3397 dubio
450 3338 587 3410 absolute
618 3337 792 3396 consecrari
824 3343 946 3415 potest,
970 3335 1170 3415 quemadmo-
1271 3368 1272 3389 r

211 3416 285 3477 inm
306 3414 471 3479 declararit
491 3416 662 3479 Concilium
682 3416 853 3479 Romanum
876 3418 1076 3497 lateranense
1108 3420 1170 3481 sub
1271 3476 1272 3499 ξ

212 3497 376 3561 Benedieto
396 3498 484 3559 lllll.
508 3499 613 3561 Tertia
635 3500 774 3577 exceptio
795 3504 865 3567 est,
895 3501 1013 3577 qnando
1045 3502 1172 3565 conclu·

211 3580 319 3643 uenter
338 3586 484 3660 appareat
503 3580 596 3643 luisse
611 3580 715 3644 illlata
730 3588 918 3644 execratum.
930 3580 1100 3645 Execratus
1113 3598 1173 3645 au·
