2567 4042
578 193 803 285 wesem-

220 335 431 405 benedixisse,
459 339 551 412 etque
576 336 775 397 distribuisse.
805 334 855 395 Sic
879 332 983 395 Marci·
1000 332 1105 413 Capito
1128 334 1174 399 Vl

219 418 272 479 ubi
288 417 419 479 relertur
433 418 614 480 miraculum
628 417 886 496 multiplicationis
899 416 1033 494 quinque
1043 429 1172 494 penum,

218 507 249 560 et
275 500 405 559 duorum
434 500 586 577 piscium,
609 501 719 577 quibus
751 500 884 577 quinque
907 500 1000 559 millia
1032 500 1173 561 virorum

217 582 348 641 satiarit:
371 580 412 641 Et
432 584 568 662 acceptis,
591 583 698 659 inquit,
722 583 853 661 quinque
871 583 1022 661 pendes,
1048 588 1075 640 et
1098 580 1175 643 dno·

217 664 269 725 bus
285 664 429 744 piscibus,
445 666 567 725 intuens
585 665 622 722 in
642 665 755 723 coelum
776 662 930 723 benedixit
949 668 1008 723 etc.
1031 660 1103 723 Post
1123 680 1173 725 re·

218 747 446 812 surrectionem,
462 745 535 806 dnm
558 748 753 807 recumberet
774 763 845 807 curn
861 745 978 806 duobus
1000 744 1167 821 discipulis,

217 829 326 904 quibus
348 827 501 904 apparuit,
524 828 635 906 occepit
654 844 777 908 penem,
801 828 879 906 epud
901 826 931 887 S.
947 826 1061 886 Lucem
1083 824 1172 905 Cepi

217 916 246 969 te
266 908 387 977 xxiv,
410 917 438 967 et
458 908 637 976 benedicit,
661 928 695 971 ec
716 908 831 989 serpit,
854 918 881 969 et
900 909 1073 989 porripebet
1093 910 1168 971 iilis.

215 989 295 1051 Hinc
324 1009 383 1050 non
405 991 541 1061 mimm,
565 992 591 1051 si
613 992 748 1069 Apostoli
778 996 810 1053 et
830 989 933 1052 Patres
958 990 1038 1051 hunc
1059 990 1172 1053 deiude

214 1074 308 1133 ritum
330 1090 348 1131 a
368 1069 487 1132 Christo
509 1074 678 1134 institutum
705 1073 899 1135 benedicendi
922 1090 1030 1151 panem
1062 1089 1169 1133 serra-

214 1155 283 1214 riot.
307 1153 470 1216 lnnnmere
496 1156 561 1215 lere
582 1155 728 1215 miracula
750 1172 826 1232 pene
848 1174 865 1215 e
887 1154 1004 1215 Sanctis
1024 1170 1171 1233 praeser-

215 1235 269 1296 tim
290 1237 363 1295 viris
384 1237 540 1298 benedicto
562 1236 666 1308 edita,
689 1243 838 1299 testantur
860 1236 970 1315 passim
990 1237 1071 1295 vitae
1092 1234 1168 1296 San-

214 1322 331 1377 ctorum
352 1320 431 1397 epod
447 1318 656 1379 bollandistas.
681 1318 872 1380 Benedicitur
894 1319 978 1397 penis
1000 1318 1109 1395 primo,
1128 1320 1170 1381 ut

213 1416 427 1477 cognoscamus
449 1401 527 1461 hene
547 1401 735 1471 veritatem,
757 1402 920 1471 videlicet,
946 1406 1007 1461 tarn
1029 1416 1166 1477 penem,
1266 1465 1275 1485 ι

213 1499 304 1559 quern
326 1485 401 1544 elios
422 1484 506 1543 cibos
527 1483 593 1542 deri
614 1483 700 1549 nobis
723 1500 740 1542 e
763 1481 846 1551 Deo,
870 1483 949 1543 unde
970 1484 999 1541 io
1021 1480 1169 1543 Oratione

213 1563 372 1626 Dominice
393 1584 412 1627 e
432 1562 497 1626 Deo
528 1566 660 1642 petimus
681 1582 788 1641 panem
812 1564 1032 1641 quotidianum.
1062 1562 1097 1621 ln
1118 1563 1170 1623 di-

213 1646 393 1708 stributione
425 1646 509 1724 panis
536 1645 686 1709 benedicti
707 1651 869 1709 monentur
895 1645 999 1706 fideles
1025 1643 1169 1707 exercitii

213 1726 368 1789 eberitatls
388 1734 421 1790 et
441 1727 667 1789 misericordiae
688 1744 760 1807 erge
783 1744 954 1807 pauperes,
978 1732 1014 1788 ut
1034 1726 1086 1804 qui
1108 1734 1167 1803 pe·'

213 1809 300 1869 nibus
322 1814 353 1869 et
373 1810 485 1869 divitiis
506 1809 669 1879 abundent,
693 1809 822 1873 denter
845 1810 888 1870 eis
910 1810 1032 1886 largiter
1053 1826 1167 1885 paupe-

212 1890 305 1960 ribus,
319 1895 363 1951 'ut
383 1897 415 1953 et
435 1892 530 1969 ipsie
545 1889 610 1953 Dee
631 1891 887 1953 benedictionibus
908 1893 1092 1967 repleantur.
1113 1888 1167 1949 ln-

211 1990 246 2032 su
287 1993 303 2032 r
333 1976 417 2051 panis
437 1976 548 2035 rirbrte
582 1972 797 2036 benedictionis
828 1975 891 2034 vim
913 1972 1006 2035 habet
1037 1972 1164 2033 sanandi

210 2055 240 2114 in
264 2074 345 2116 rmos
369 2063 400 2118 et
414 2056 581 2135 depellendi
596 2056 729 2129 morbos,
743 2062 778 2119 ut
791 2056 959 2116 innumeris
973 2072 1049 2135 pene
1060 2070 1165 2115 exem-

210 2137 266 2215 plis
288 2140 476 2216 comprobari
500 2144 608 2215 petest,
626 2156 701 2216 quae
725 2139 754 2198 in
775 2139 844 2199 ritis
857 2137 1037 2198 Sanctorum
1053 2152 1168 2197 occur··

209 2226 289 2290 runt,
307 2238 498 2298 quorumque
520 2236 577 2280 non
593 2237 689 2295 peuce
705 2226 842 2281 recenset
856 2219 1018 2281 Gretserus
1039 2219 1070 2277 in
1083 2217 1166 2277 Tra·

209 2304 303 2362 cietu:
321 2302 373 2361 'De
388 2300 658 2362 Benedictionibus.
675 2300 785 2363 Scribit
805 2301 886 2363 euim
908 2301 941 2362 S.
954 2298 1165 2379 Hieronymus

209 2384 239 2441 in
260 2384 322 2443 rita
344 2383 376 2443 S.
400 2380 563 2443 Hilarionis
590 2383 666 2443 hece
688 2385 808 2445 verba:
836 2383 1062 2445 concurrebant
1083 2379 1162 2463 Epi·

208 2468 295 2543 scopi,
320 2474 345 2524 ct
368 2462 563 2544 Presbyteri,·
584 2484 685 2544 preces
708 2468 799 2526 etiem
820 2463 1061 2536 Mesochorum,
1085 2462 1160 2523 etii-

210 2565 266 2625 pne
295 2546 405 2606 nobdn
433 2559 459 2607 et
480 2547 646 2625 innobiles,
670 2556 704 2607 ut
725 2546 912 2608 benedictum
939 2547 976 2606 cb
999 2564 1030 2605 eo
1047 2562 1162 2623 peneus

208 2628 401 2706 acciperent,
425 2646 483 2706 qno
515 2629 670 2689 innumeri
690 2630 887 2689 sonabuntur.
911 2626 1009 2689 Hodie
1035 2626 1161 2687 benedi·

209 2716 320 2770 cuntur
342 2726 432 2784 penes
454 2708 486 2769 S.
501 2707 615 2771 Nicclei
636 2711 674 2773 de
696 2710 862 2779 Tolentine‚
880 2708 1091 2786 qui,iidelibus
1113 2708 1173 2766 in·-

208 2790 304 2850 lirmis
318 2790 545 2859 distribuuntur,
561 2793 592 2851 in
607 2794 786 2854 memoriam
799 2791 907 2872 jejunii
929 2792 1062 2853 diuturni
1077 2788 1161 2869 ejus·

208 2874 277 2935 dem
299 2871 412 2933 Sancti.
435 2872 469 2934 ln
491 2872 675 2935 Sacerdotali
690 2874 826 2935 Romano
848 2874 958 2951 duplex
974 2878 1058 2934 exta-t
1071 2870 1160 2950 penis

207 2954 373 3017 benedictio
406 2957 435 3015 in
457 2952 547 3017 recte
576 2954 607 3016 S.
632 2957 723 3017 blasii
756 2960 860 3016 contre
882 2956 996 3016 malum
1027 2952 1160 3033 gutturis

207 3039 388 3116 peragenda.
418 3036 453 3098 lo
480 3039 546 3115 ipso
577 3040 670 3099 etiam
696 3037 831 3099 Romano
859 3034 1042 3099 Sacerdoteli
1074 3038 1159 3095 extet

206 3118 305 3196 Caput
326 3120 500 3198 inscriptum
522 3118 560 3181 de
582 3119 792 3182 benedictione
813 3118 900 3179 Panis
923 3118 952 3178 in
973 3116 1062 3179 Festo
1084 3114 1162 3177 San·-

206 3206 272 3263 ctee
287 3200 422 3279 Agetbae
444 3207 548 3262 contre
564 3202 640 3276 ignis
662 3202 839 3282 periculum.
857 3198 936 3261 Fieri
957 3201 1042 3279 panis
1064 3197 1157 3260 bene·

207 3281 367 3345 dictionem
389 3286 419 3343 in
441 3284 535 3344 variis
557 3279 681 3355 Pestis:
694 3301 728 3345 ec
751 3283 930 3363 praesertim
953 3282 1001 3343 die
1021 3280 1158 3342 Domini·

205 3381 266 3432 co,
288 3368 390 3427 variae
422 3365 618 3443 particulares
638 3365 752 3445 Synodi
785 3365 951 3433 mandent,
974 3363 1155 3443 praesertim

204 3462 279 3506 rero
307 3446 444 3527 synodus
469 3444 613 3508 Orinlane
644 3450 712 3509 enni
739 3444 822 3509 MDC
848 3445 985 3509 Sessione
1011 3444 1042 3506 ll
1066 3442 1158 3523 Capi*

205 3530 236 3587 be
257 3527 351 3588 XXV
367 3546 443 3605 quae
466 3528 575 3606 legitur
594 3528 690 3591 Temo
706 3529 749 3592 lV
763 3528 964 3593 Consiliorum
977 3524 1153 3606 Hispaniae,

205 3609 342 3671 editionis
364 3608 487 3687 loseplri
510 3610 666 3672 Cataleno.
1154 3648 1156 3653 ·
