2567 4042
582 205 808 278 millii&-

218 337 295 398 t-inos
318 334 531 397 benedictionis
552 331 737 413 Episcopalis
753 334 868 400 virtus,
885 339 1027 413 expertus
1042 332 1097 394 luit
1112 330 1172 392 Lu-

218 418 343 478 doricus
365 417 379 478 l
400 414 585 496 Francorum
601 414 666 478 uer
687 417 718 476 in
740 415 818 476 bello
839 420 941 476 eontra
957 415 1085 478 Gothos.
1104 409 1174 490 Epi-

216 500 346 578 scopalis
367 498 498 560 rnilitum
519 498 685 558 benedictio
707 496 778 559 iecit
794 514 850 558 non
867 497 956 558 modo
977 496 1173 556 civitatesca·

218 583 260 660 pi,
273 580 326 642 sed
347 587 378 642 et
394 597 497 640 muros
512 581 648 656 ipsarum
663 580 727 640 sine
743 579 898 641 tormentis
910 595 1064 641 enituere.
1079 575 1175 636 hiler-
1243 621 1246 626 .

216 665 245 722 ri
266 663 396 741 plurima
418 663 558 740 exempla
575 665 706 738 possent,
725 661 776 720 sed
799 661 953 722 brevitatis
978 675 1068 720 causa
1090 657 1176 716 omit-

81 729 87 739 ’
164 752 170 760 “
216 745 319 805 timus.
345 744 505 805 Orationes
526 741 701 804 Benedictio
723 743 781 802 Dei
803 743 1010 820 omnipotentis
1043 745 1074 800 et
1097 736 1176 798 Dens

153 896 157 906 1
217 821 400 905 omnipotc‘ns
420 830 481 886 ete.
500 829 603 885 extant
623 825 654 882 in
677 825 882 902 manuscripto
897 822 1040 884 Gulielmi
1063 819 1175 881 Duran-

217 907 247 966 di
270 905 447 968 Pontifieali.
1110 973 1113 979 ,

261 987 301 1048 ll.
325 990 379 1050 Est
400 987 575 1062 etantiqua
596 983 685 1046 Ensis
707 986 872 1047 benedictio
886 988 917 1046 in
934 983 1067 1046 Ecclesia
1088 983 1175 1046 Chri-

218 1071 325 1131 stiaua.
350 1067 395 1129 Ex
418 1068 719 1130 orationibus-nostri
740 1065 943 1138 Pontifiealis,
965 1073 998 1140 ¹et
1019 1067 1085 1126 aliis
1112 1068 1177 1144 plu·

218 1153 304 1212 rimis
326 1149 438 1229 quibus
460 1151 497 1225 ad
519 1149 756 1211 benedicendum
771 1151 883 1233 Ensem
904 1149 1057 1210 variarum
1072 1146 1178 1210 Eccle-

220 1234 332 1294 siarum
355 1230 495 1311 Episcopi
509 1232 694 1301 utebantur,
719 1233 791 1292 satis
811 1230 882 1309 jam·
895 1231 991 1308 liquet
1016 1248 1107 1307 quam
1137 1230 1176 1290 ob

219 1333 342 1376 causam
364 1312 477 1375 Ensem
509 1313 749 1381 benedicerent,
768 1313 806 1373 ad
833 1312 1036 1373 defensionem
1063 1313 1177 1374 scilieet

221 1397 449 1466 Ecclesiarum,
474 1402 564 1472 atque
588 1395 624 1455 ad
640 1392 845 1456 confusionem
861 1395 1051 1455 inimieorum
1069 1392 1177 1456 Crucis

220 1475 354 1547 Christi,
378 1485 410 1539 et
430 1475 516 1538 Fidei
525 1477 727 1553 Christianae.
744 1474 1017 1554 Frequentissimae
1038 1492 1177 1553 praeser-

221 1561 276 1619 tim
299 1559 423 1621 iuerunt
442 1565 512 1637 post
531 1576 644 1619 annum
666 1557 777 1618 Christi
800 1558 993 1619 millesimum
1010 1558 1176 1618 istiusmodi

221 1641 464 1709 benedictiones,
490 1647 614 1718 propter
637 1638 728 1707 bella,
741 1656 819 1715 quae
848 1640 991 1706 adversus
1012 1637 1173 1715 lnfideles,

219 1729 253 1782 et-
279 1721 456 1783 llaeretieos
488 1721 650 1782 Christiani
679 1722 751 1781 olim
780 1722 931 1800 Principes
963 1721 1175 1798 suscipiebant.

219 1801 266 1862 Ex
288 1805 412 1881 antiqua-
438 1801 591 1865 Romanae
624 1799 777 1864 Ecclesiae
810 1803 1027 1864 consuetudine
1059 1801 1178 1864 Summi

220 1884 381 1946 Pontifices
407 1890 495 1946 noete
517 1885 686 1946 Natiuitatis
707 1882 827 1945 Domini
855 1883 966 1944 Ensem
999 1885 1177 1946 benedicere

222 1984 292 2027 cum
315 1967 444 2044 quodam
459 1965 585 2045 ,Capello
607 1966 713 2027 Ducali
736 1967 855 2039 solent,
881 1967 968 2046 euJ'us
995 1969 1105 2028 mentio
1130 1985 1178 2026 re-

223 2050 340 2126 peritur
362 2051 390 2108 in
413 2048 527 2109 ltituali
548 2047 657 2109 Codice
683 2047 787 2110 Jacobi
808 2048 954 2116 Gaetani,
978 2065 1069 2125 quern
1092 2049 1177 2110 Bnni-

223 2126 319 2192 lacius
342 2129 414 2191 Vlll
436 2129 624 2192 Cardinaiem
640 2131 766 2192 creavit.
782 2132 875 2191 Porro
897 2130 976 2207 quod
998 2132 1045 2191 vel
1068 2132 1177 2192 nostris

167 2251 170 2257 ·
224 2213 412 2289 temporibus
426 2212 514 2273 Ensis
534 2213 598 2290 ipsc
614 2228 649 2270 ac
665 2213 763 2294 Pileus
780 2230 837 2272 non
854 2213 943 2273 modo
965 2212 995 2285 in
1017 2218 1103 2274 noete
1117 2209 1178 2270 Na-

224 2293 291 2353 talis
313 2292 453 2363 Domini,
477 2295 529 2354 sed
551 2298 587 2354 et·
604 2294 662 2352 alio
678 2309 870 2371 quocumque
883 2292 973 2354 Festo
989 2293 1112 2354 solemni
1129 2294 1177 2354 be·

223 2375 319 2434 nedici
341 2378 551 2443 consueverit,
576 2374 664 2435 docet
685 2393 737 2436 nos
759 2376 932 2456 exemplum
947 2371 1109 2438 Clementis
1123 2373 1178 2436 Pa·

222 2473 279 2533 pae
301 2454 348 2514 Xl
369 2458 420 2532 qui
444 2453 576 2525 Ensem,
599 2455 774 2533 Pileumque
796 2476 871 2535 quos
893 2474 968 2517 anno
991 2454 1178 2518 MDCCXVI

222 2538 261 2598 ad
283 2535 453 2616 Principem
468 2536 635 2616 Eugenium
652 2537 688 2598 de
703 2537 851 2602 Sabaudia
872 2539 953 2598 misit
967 2539 1006 2598 ob
1020 2540 1178 2599 victoriam

223 2619 261 2677 ab
283 2635 320 2677 eo
341 2619 378 2680 de
400 2619 508 2681 Tureis
529 2619 566 2679 ad
588 2617 775 2682 Varadinum
797 2623 904 2683 eodem
919 2639 1002 2680 anno
1024 2620 1173 2690 relatam,

223 2699 376 2761 benedixit
396 2703 426 2761 in
448 2701 581 2763 Ecclesia
596 2700 627 2762 S.
645 2700 759 2762 Mariae
780 2701 817 2762 do
833 2702 947 2780 Populo
973 2702 1020 2762 die
1036 2700 1109 2763 VllI
1125 2701 1179 2764 Se-

222 2782 379 2858 ptembris.
402 2783 490 2856 Quod
512 2783 678 2844 orationem
700 2785 801 2844 autem
823 2790 938 2863 spectat
959 2783 988 2844 in
1010 2781 1177 2846 Pontificali
1203 2809 1206 2825 -

223 2862 359 2923 Romano
393 2864 594 2944 descriptam,
617 2871 649 2926 et
680 2882 756 2940 quae
784 2867 906 2944 incipit,
931 2863 1109 2926 Benedicent
1131 2865 1179 2928 di·
1240 2861 1243 2870 ¹

223 2947 324 3022 pneris
345 2954 398 3006 etc.
422 2954 577 3026 compacta
598 2955 628 3008 et
652 2949 714 3024 ipsa
746 2951 792 3008 est
813 2965 851 3008 ex
873 2947 1004 3024 antiquis
1026 2947 1175 3008 Orationi-

223 3028 299 3093 bus,
323 3044 376 3092 seu
399 3029 561 3089 verborum
584 3027 745 3098 formulis,
767 3047 843 3105 quae
865 3030 893 3088 in
917 3029 1075 3102 traditione
1089 3026 1177 3091 Ensis
1203 3097 1205 3101 ,

224 3109 283 3168 diei
304 3107 369 3186 jam
390 3108 462 3170 olim
482 3127 690 3180 consuevere,
713 3110 764 3172 ubi
796 3110 994 3187 imperatores
1019 3111 1179 3189 Regesque

223 3190 455 3250 coronabantur.
480 3190 537 3252 Per
560 3189 671 3252 Ensem
692 3189 877 3270 significatur
898 3191 1035 3254 Iustitiae
1064 3196 1179 3254 exerci-

222 3271 322 3337 tium3
346 3270 550 3334 benedictione
571 3279 674 3334 autern
698 3272 748 3335 ille
769 3281 913 3336 sacratur¹
928 3274 974 3334 die
998 3273 1097 3336 Natali
1113 3275 1179 3336 Sal-

222 3353 357 3424 vatoris,
379 3359 414 3414 ut
433 3352 532 3433 Reges
546 3354 712 3434 intelligant
739 3374 756 3415 a
777 3353 895 3418 Christo
917 3355 1044 3417 Domino
1065 3355 1178 3418 Ensern

222 3451 254 3494 se
276 3435 413 3513 accipere
434 3437 484 3512 qui
506 3436 644 3498 iustitiae
666 3435 731 3497 Rex
747 3456 771 3504 ‚a
793 3436 950 3516 Prophetis
973 3445 1174 3516 nuncupatur.

130 3590 133 3596 Ι
210 3577 214 3582 ,
265 3513 327 3576 ΙΙΙ.·
343 3518 397 3578 Est
417 3517 499 3578 haud
530 3517 620 3580 dubie
642 3520 763 3596 antiqua
785 3519 897 3588 Vexilli
925 3520 1022 3582 bellini
1051 3520 1179 3582 Benedi-

222 3598 309 3667 ntio,
333 3603 364 3660 et
385 3598 506 3678 quidem
527 3599 582 3662 sub
604 3602 789 3681 praescripta
810 3603 973 3667 verborum
996 3602 1125 3680 iormnla
1147 3604 1179 3662 in
