2567 4042
437 185 655 285 mim·

89 320 150 379 lieri
169 319 266 398 aliqua
280 320 381 400 lingna
403 313 461 383 non
482 320 609 399 vulgari.
625 319 673 381 Ex
688 319 860 381 diversitate
881 318 1029 397 siquidem

90 400 246 479 linguarum
268 404 299 463 in
321 405 430 464 divinis
451 402 564 476 Officiis
585 403 727 473 admissa,
744 419 837 479 grave
859 402 1028 480 periculum

88 484 218 546 subesset
238 483 467 557 dissensionum,
490 492 522 547 et
542 484 701 563 aliqnando
722 490 846 561 urgeret
867 485 1028 546 necessitas

91 567 216 626 mutandi
235 568 330 628 verba
350 565 519 639 Sacrificii3
543 584 614 629 cum
637 566 688 629 illa
710 582 787 643 quae
810 582 870 627 nno
891 570 1028 645 tempore

89 651 153 707 snnt
173 648 319 726 vulgaria,
344 650 415 711 talia
436 668 504 711 esse
525 649 584 709 alio
605 652 742 727 tempore
764 647 911 709 desinant.
935 642 975 709 Et
995 665 1030 709 re

88 718 201 803 qniddm
234 749 308 792 vera
338 736 427 791 vetus
452 722 610 793 Gallorum
643 730 744 808 lingua
777 730 895 808 penitus
921 725 1030 791 abolita

88 816 138 870 est.
161 808 209 871 Sic
228 814 321 874 etiam
336 810 462 891 Hispani
485 812 640 892 proprium
663 811 829 885 amiserunt
844 826 1026 879 sermonem,

87 908 150 951 cnm
171 896 312 968 potestati
325 892 540 956 Romanorum,
554 892 663 954 subditi
681 893 814 955 luerunt.
831 891 947 955 Eodem
969 891 1030 953 talo

87 970 195 1034 Graeca
225 981 258 1036 et
287 973 449 1053 Chaldaica
479 974 643 1043 extinctis,
668 974 819 1041 Tunnica,
849 972 979 1035 Arabica
998 979 1030 1035 et

87 1054 157 1116 aliae
176 1057 318 1136 vulgares
340 1060 370 1119 in
392 1058 543 1135 plerisque
563 1054 676 1134 Regnis
691 1054 894 1117 Orientalibus
915 1072 1028 1118 sucees-

87 1143 195 1212 sernnt.
218 1140 259 1199 At
288 1157 362 1201 vero
383 1137 518 1200 Ecclesia
548 1138 694 1200 adversus
725 1135 898 1217 hujusmodi
930 1141 1029 1199 mutn-

88 1219 178 1279 tiones
207 1220 399 1282 inconcussa·
415 1221 562 1301 manens,
586 1237 706 1299 semper
736 1226 767 1281 et
798 1220 910 1297 ubique
942 1226 1029 1281 vetus

87 1300 190 1361 idioma
210 1304 240 1362 in
256 1302 364 1364 divinis
385 1301 491 1374 officiis
512 1302 646 1370 retinuit,
665 1302 693 1363 id
714 1303 851 1380 exigente
871 1318 1028 1363 sacrarum

88 1398 190 1443 rerum
205 1384 349 1463 dignitate
370 1390 402 1445 et
421 1383 602 1463 majestate,
628 1389 664 1445 ut
684 1384 757 1446 nihil
779 1384 810 1443 in
832 1384 867 1443 iis
889 1382 1030 1443 immute-

88 1467 145 1533 tur,
162 1465 296 1543 nihilque
310 1482 471 1529 erroneum
493 1468 525 1527 in
540 1483 592 1526 eas
605 1466 736 1549 irrepat:
752 1463 834 1543 quod
855 1464 943 1527 laeile
959 1482 1030 1525 con-

89 1546 218 1622 tingeret,
241 1548 267 1607 si
289 1566 343 1609 eas
363 1549 546 1626 abantiquo
567 1564 795 1625 sermone,qno
817 1548 855 1608 ab
877 1545 1028 1624 Apostolis

88 1632 117 1685 et
129 1627 307 1705 Apostolicis
321 1631 396 1691 viris
418 1631 545 1693 traditae
558 1634 639 1698 srrnt,
657 1630 688 1689 in
709 1628 800 1691 alium
815 1629 1029 1695 recentiorem,

88 1709 131 1768 vel
152 1727 168 1768 a
189 1712 344 1789 primaevo
363 1712 521 1785 diversum
536 1709 705 1772 transferre
726 1713 842 1773 liceret.
859 1710 1028 1773 Tolleretur

89 1792 172 1850 etiam
194 1794 363 1855 necessaria
389 1794 426 1867 ad
448 1791 533 1854 Fidei
555 1794 701 1855 unitatem
722 1793 928 1855 Ecclesiarum
950 1808 1029 1857 eom-

88 1875 252 1947 municatio,
274 1893 353 1953 quae
374 1876 434 1936 hoc
454 1876 576 1938 vinculo
598 1876 753 1937 nectitur:
778 1893 832 1936 nec
854 1878 954 1953 posset
975 1872 1029 1937 Sa·

88 1955 184 2016 cerdos
204 1957 296 2017 italus
318 1958 348 2017 in
369 1956 477 2027 Gallia,
500 1955 605 2020 autin
626 1954 799 2028 Germania,
823 1976 879 2018 nec
899 1954 1026 2019 Germa·

87 2054 161 2107 nus,
183 2046 236 2100 aut
255 2036 359 2102 Gallus
381 2035 521 2108 initalia
540 2036 636 2100 'sacris
665 2039 794 2116 operari.
818 2037 956 2117 Requirit
976 2056 1029 2101 au-

90 2121 143 2182 tem
165 2118 309 2184 sacrificii
330 2118 494 2199 Maiestas,
518 2127 552 2183 ut
572 2138 644 2179 mox
666 2120 819 2191 diximus,
843 2119 957 2193 nonnisi
980 2120 1028 2180 his

88 2200 269 2266 nobilissimis
289 2202 399 2281 linguis
413 2200 656 2283 peragi.'Latina
678 2201 757 2262 enim
781 2218 838 2261 non
854 2208 901 2263 est
915 2200 1026 2263 usitata

86 2282 136 2341 nisi
154 2284 234 2362 apud
249 2284 382 2346 eruditos
402 2285 432 2344 in
454 2284 633 2355 Occidente3
658 2290 689 2344 et
709 2284 739 2343 in
761 2282 885 2345 Oriente
907 2300 1025 2360 graeca.

86 2360 191 2442 lingua
214 2365 375 2441 siqnidem,
392 2364 578 2444 cnjus‘solet
597 2382 662 2425 esse
685 2384 758 2426 usus
777 2367 811 2425 in
831 2365 939 2426 divinis
953 2363 1026 2426 offi-

87 2445 134 2505 ciis
152 2447 234 2525 apud
249 2444 415 2509 Ecclesiam
427 2448 626 2513 Orientalem,
642 2447 700 2507 non
722 2452 769 2533 est
792 2447 956 2525 popularis,
975 2448 1027 2507 sed

86 2524 195 2591 erudita
226 2535 259 2590 et
284 2534 402 2591 mnium
434 2530 529 2591 doctis
550 2530 678 2605 cognita.
703 2526 789 2590 Hane
814 2529 904 2605 igitur
925 2526 1029 2591 Eccle-

87 2610 142 2669 siae
166 2612 421 2681 consuetudinem,
450 2611 555 2674 omnes
575 2612 715 2687 uenerari
737 2611 907 2678 debemus,
931 2628 1029 2689 neque

86 2691 219 2754 audacter
240 2694 422 2770 improbare,
432 2711 478 2769 ,ex
498 2711 535 2755 eo
557 2690 637 2770 qnod
657 2692 786 2770 populus
809 2710 867 2753 non
882 2693 1028 2772 percipiat

86 2774 180 2844 rerba,
204 2775 337 2851 quaein
358 2773 454 2850 Missa·
470 2774 688 2853 proferuntur3
712 2775 782 2850 quia
805 2774 965 2853 primarius
987 2775 1027 2835 di·

87 2856 216 2936 ninornm
237 2854 413 2919 Officiorum
435 2853 514 2927 linis,
531 2858 652 2917 nonest
673 2856 828 2917 instructio
842 2856 958 2934 populi,
974 2858 1027 2918 sed

32 2972 33 2977 κ
86 2936 175 2999 cnltns
200 2941 232 2997 et
253 2937 318 2999 lans
338 2938 405 2999 Dei.
429 2936 550 2999 Horum
572 2936 708 2999 omnium
730 2938 893 3014 praecessit
925 2954 1026 2999 exem-

86 3018 162 3094 plum
192 3022 225 3081 in
246 3018 353 3082 Veteri
371 3019 588 3101 Testamentoa
613 3036 684 3079 narn
715 3036 787 3081 cum
808 3016 941 3096 Populus
963 3014 1026 3080 He-

87 3100 186 3164 braeus
208 3106 277 3179 post
297 3101 506 3181 captivitatem,
515 3100 729 3181 Babylonicum
750 3100 905 3161 chaldaice
927 3100 1027 3179 loque·

87 3188 186 3253 retur,
209 3182 345 3245 Psalmos
366 3186 475 3257 tamen
500 3190 531 3245 et
552 3182 723 3262 Scripturas
744 3200 864 3261 semper
887 3182 1028 3245 hebraice

87 3267 206 3327 tenurit
234 3269 266 3325 et
287 3266 370 3343 legit:
387 3282 479 3343 quem
498 3282 614 3328 morem
637 3265 667 3325 in
682 3262 848 3342 Synagogis
870 3265 960 3325 etiam
977 3284 1030 3327 no-

89 3348 135 3406 stri
160 3348 304 3424 temporis
330 3344 464 3409 Hebraei
488 3345 665 3409 observant.
696 3343 802 3407 Noluit
833 3347 923 3425 igitur
944 3345 1026 3409 Dens

89 3431 188 3564 potari
218 3428 330 3491 idioma
351 3427 526 3509 Scriptn'rae
541 3429 645 3502 ,licet
675 3434 790 3493 mutata
812 3426 904 3489 luerit
926 3429 1028 3508 populi

101 3528 189 3589 mgna
246 3538 250 3541 ·
452 3553 455 3557 ,
