2567 4042
465 187 670 259 *379ss

87 321 166 380 tium
189 313 273 387 Dei,
298 333 373 395 quoe
395 315 468 378 doto
488 325 529 378 ost
549 319 585 377 in
599 325 632 376 to
655 335 715 394 por
734 319 956 396 impositionem
982 338 1046 380 ma-

86 418 186 460 aurun
208 416 356 458 meorum.
481 451 484 456 .

128 477 189 542 ΙΙΙ.
214 477 343 557 Expleta
365 477 536 549 Oratione,
559 477 737 557 Propitiurc
760 481 911 553 Domino,
936 483 1045 545 recitat

87 562 289 624 Consecratur
305 559 539 632 Praelationem,
554 579 632 638 quac
655 563 779 638 quidem
800 565 831 622 in
845 565 967 640 antiquo
982 563 1043 626 lio·

87 661 179 706 mano
203 643 316 704 Ordine
338 645 451 704 eisdem
474 644 631 705 versiculis
653 660 689 702 ac
711 645 975 720 responsionibus,
998 647 1044 707 uti

88 729 118 786 in
137 723 435 797 necromanticae,
454 731 546 786 extat.
564 725 700 786 Celebris
721 726 958 796 inOrdinatione
973 725 1046 805 Epi-

86 825 255 884 scoporum
277 815 322 868 est
339 809 530 870 caeremonia
551 825 655 868 sacrae
671 806 833 868 Unctionis.
860 806 906 868 Ex
921 810 1044 885 antiquo

86 889 232 956 Romano
254 887 368 950 Ordine
391 893 468 968 apud
491 888 681 967 Hiliorpium
713 890 763 951 ubi
785 890 984 950 Consecratur
1007 909 1045 952 ca

88 973 186 1032 verba
211 971 380 1049 protulerit,
402 971 521 1048 Complo
542 971 576 1030 io
593 966 750 1031 Sacerdote
773 982 825 1032 too
846 972 980 1051 mysterii
999 974 1046 1033 toi

87 1072 251 1122 summam,
275 1063 303 1112 et
316 1057 499 1114 ornonooutis
521 1053 612 1116 totius
626 1052 851 1132 plurificotionio
865 1057 1046 1114 instructum

88 1137 225 1196 caelestis
247 1137 394 1212 conputati
408 1137 480 1217 floro
503 1134 668 1215 sanctifico,
685 1134 865 1195 admonetur
880 1137 959 1196 idem
975 1135 1047 1212 Epi·

88 1219 206 1294 scnpus'
217 1213 426 1288 Consecratur,
445 1222 478 1280 ut
500 1219 599 1276 mittat
613 1215 753 1276 Chrisma
775 1217 804 1275 in
819 1225 910 1292 caput
924 1218 1048 1293 Episco-

86 1301 133 1378 pi,
155 1300 190 1358 in
213 1299 337 1367 modurn
358 1297 473 1367 Crucis,
490 1316 560 1358 curn
582 1299 619 1356 iis
642 1298 756 1359 scilicet
776 1299 889 1358 verbis:
910 1295 1048 1376 Uopotur

88 1393 116 1442 ot
138 1391 330 1442 consecretur
352 1392 443 1460 capot
463 1390 550 1440 tuum
572 1379 693 1440 coelesti
711 1379 912 1440 benedictione
933 1382 968 1440 in
987 1377 1045 1446 Or-

90 1462 164 1522 dine
186 1460 371 1542 Pontifiouli,
394 1466 428 1522 iu
449 1463 570 1522 nomino
594 1459 706 1529 Patris,
731 1471 759 1521 ot
778 1454 873 1529 Filii,
897 1470 925 1520 ot
949 1457 1046 1539 Spin·-

91 1555 142 1605 tus
162 1541 279 1604 Sancti.
296 1544 447 1606 Eumdem
461 1547 556 1605 ritum
578 1544 755 1622 praescribit
772 1541 1048 1603 Sacramentarium

88 1625 341 1702 Gregorianum,
365 1624 539 1687 Pontificale
561 1623 769 1690 Caturcensc‚
792 1623 966 1684 Pontificalc
988 1621 1048 1702 Eg-

89 1709 172 1770 borti
189 1705 417 1778 Eboraeensis,
443 1711 576 1784 itemque
599 1708 661 1767 duo
683 1704 869 1767 Pontificalia
890 1707 1048 1768 Becceusis

88 1790 279 1852 Monasterii.
297 1787 440 1868 Mysticas
453 1792 595 1859 rationes,
613 1807 668 1849 cur
683 1788 850 1867 Episcopus
864 1806 950 1848 sacro
960 1787 1048 1849 Chri·

90 1875 192 1932 emate
214 1871 244 1929 in
267 1872 363 1948 capite
386 1879 539 1950 ungatur,
563 1873 688 1947 exponit
709 1871 879 1931 Amalarius
901 1867 1048 1931 Fortuna·

90 1959 139 2014 lus
162 1951 230 2010 Lib.
254 1951 282 2010 ll
305 1951 340 2011 do
362 1951 576 2015 Ecclesiasticis
603 1950 725 2033 Officiis,
748 1952 852 2029 Capite
872 1950 959 2012 XIV.
983 1952 1048 2012 Pri-

89 2052 154 2103 ma,
179 2034 250 2108 quia
273 2033 372 2111 Caput
392 2033 545 2096 Ecclesiae
567 2035 776 2103 constituitur3
800 2035 901 2110 sicque
923 2033 1045 2095 Christo

66 2123 68 2128 ’
88 2115 256 2176 assimilari
283 2116 394 2190 debet,
419 2115 669 2193 qui'secundum
690 2116 904 2193 etymologiam
937 2121 1047 2176 unctus

89 2204 165 2268 est,
191 2202 223 2256 et
245 2197 312 2258 ideo
338 2199 375 2258 ad
398 2195 622 2277 significandum
644 2199 674 2256 in
696 2195 816 2257 Christo
838 2197 965 2275 gratiam
987 2196 1045 2259 Ca·

91 2280 176 2359 pitis,
201 2281 300 2356 capite
324 2298 442 2356 quoquc
465 2278 631 2356 Episcopus
654 2280 786 2356 ungitur.
811 2277 959 2347 Secundo,
976 2279 1049 2353 quia

89 2378 168 2440 prae
198 2360 305 2420 ceteris
338 2361 497 2438 obstringit
524 2379 563 2420 se.
586 2362 623 2421 ad
655 2361 947 2438 praestantissimum
969 2358 1049 2420 Cha·

89 2442 194 2502 nitatis
216 2447 339 2509 actum,
362 2443 399 2503 ad
422 2443 551 2502 dandam
573 2443 694 2514 scilicet,
708 2443 840 2502 animam
862 2460 916 2519 pro
938 2442 1045 2501 ovibus

89 2524 168 2594 suis,
193 2521 279 2601 juxta
302 2524 376 2585 illud
398 2523 562 2585 salvatoris
584 2523 717 2585 Domini:
735 2517 840 2584 Bonus
855 2519 1049 2603 postor'ooi·

88 2622 175 2664 mom
207 2621 294 2664 suom
323 2608 409 2686 pouit
428 2626 484 2686 pro
505 2606 584 2666 ooibs
604 2609 678 2667 sois.
702 2604 826 2669 Possem
858 2607 907 2666 hic
930 2605 1047 2665 referre

91 2687 256 2764 plerasque
277 2689 350 2748 alias
365 2689 451 2749 istius
472 2689 549 2748 ritus
564 2688 787 2765 expli-cationes,
805 2687 857 2749 sed
880 2705 918 2746 ne
940 2687 970 2746 in
983 2687 1049 2746 lon·

89 2787 166 2845 gum
190 2771 291 2828 nostra
313 2771 408 2831 oratio
430 2770 539 2837 abeat,
564 2771 635 2830 satis
663 2771 713 2829 hic
736 2771 795 2829 erit
821 2786 979 2829 recensere
1001 2769 1047 2827 lu·

92 2867 166 2911 cum
191 2852 348 2926 egregium
361 2851 528 2912 Innocentii
547 2849 602 2919 ΙΙΙ,
619 2853 672 2928 qui
694 2849 880 2928 Episcopalis
895 2847 1048 2909 Unctionis

6 2953 7 2958 ¹
93 2933 251 3008 integrum
271 2933 363 2993 ritum
385 2935 470 2994 nobis
491 2931 621 3008 explicat
642 2933 671 2992 in
694 2932 768 3010 Cap.
789 2932 803 2992 Ι
825 2931 860 2990 do
878 2929 975 2990 Sucro
993 2927 1049 2988 Un-

95 3015 195 3072 ctiooo
217 3011 285 3072 Lib.
309 3013 324 3074 Ι
345 3015 561 3080 Decretalium‚
586 3014 645 3074 Tit.
669 3013 743 3074 XV.
768 3013 817 3074 Sic
839 3031 911 3090 ergo
933 3011 1045 3087 inquit:
1070 3081 1073 3087 ἱ

100 3093 204 3174 Caput
225 3104 326 3155 autom
348 3100 476 3176 cupitur
496 3097 628 3156 balsamo
651 3097 824 3164 charitatis,
841 3104 876 3155 ut
889 3092 1051 3172 Episcopus

94 3174 205 3254 dilipot
225 3175 322 3237 Deam
349 3196 387 3238 aa
413 3187 474 3238 toto
496 3176 610 3247 cordo,
641 3196 679 3238 coc
705 3187 768 3239 toto
789 3183 886 3236 monto
913 3192 995 3242 sou,
1017 3183 1048 3252 et

89 3258 270 3336 prommom
291 3277 376 3318 eoum
403 3261 478 3321 sicot
497 3261 636 3338 scipsum.
664 3258 762 3337 Caput
788 3259 948 3334 incupitur
976 3273 1050 3334 pro.-

88 3346 161 3418 ptor
182 3341 393 3402 auctoritatem
416 3351 442 3402 ot
465 3341 652 3419 dipnitotcm.
679 3341 779 3420 Caput
802 3341 882 3398 onim
902 3338 1048 3415 cupitur,

93 3429 129 3479 ut
158 3420 335 3482 ostendatur
366 3423 449 3484 itlius
470 3428 696 3502 repraesentare
724 3439 910 3501 porsonam,
934 3419 969 3478 do
993 3436 1050 3496 quo

95 3499 214 3561 dicitur
233 3519 289 3577 por
304 3500 492 3583 Propbotom:
510 3504 595 3567 Sicut
610 3511 795 3583 unquentum
815 3503 956 3580 incapite
971 3502 1047 3579 ojus,

97 3581 180 3660 quod
201 3580 349 3646 descondit
370 3587 404 3648 in
418 3588 540 3648 borbono
562 3587 686 3648 borbum
700 3583 816 3646 Aaron.
829 3584 917 3645 .Vide
931 3579 1049 3642 Hallier
