2567 4042
467 245 527 310 eam
550 236 609 298 315
631 247 701 308 <eao-

100 383 181 434 nem,
207 365 437 437 incrementum,
461 373 498 428 et.
512 371 799 430 consummationem
821 370 935 445 gratiae
957 370 1058 447 Bapti-

100 447 205 508 amalis
227 449 396 508 institutum
425 450 462 510 sit
493 452 657 511 secundum
681 470 715 511 ea
748 468 826 528 quae
854 454 1055 512 communiter

97 529 206 589 docent
227 529 325 590 Sancti
339 527 453 601 Patres,
479 550 513 590 ac
528 534 605 594 sacri
621 531 765 608 Theologi
788 535 910 610 passim,
934 549 1055 593 necesse

97 616 156 680 est,
180 619 213 672 ut
228 611 286 671 sint
307 613 336 669 in
352 616 430 672 statu
453 614 576 688 gratiae,
601 616 653 692 qui
676 615 748 674 illud
764 615 941 691 suscipiunt.
965 614 1055 676 Certe

98 697 128 752 in
151 692 314 770 Capitulari
337 691 466 754 Herardi
489 695 719 773 acchiepiscopi
741 685 935 761 Turonensis,
958 695 1052 757 Num.

99 773 218 836 LXXV
241 775 304 835 sive
326 776 355 833 in
371 775 590 838 Aurelianensi·
603 780 733 856 quodam
749 776 894 846 Concilio,
920 784 953 838 ut
974 778 1051 855 apud

99 856 277 918 Gratianum
293 856 402 933 iegitur
418 855 461 916 De
480 857 710 920 consecratione
725 860 924 920 Distinetione
938 857 964 917 V
980 859 1052 919 Can.

99 937 139 998 Vl
155 941 311 1000 decretum
328 945 394 999 est:
417 936 454 998 tte
463 941 564 1020 jejuni
578 941 619 1001 ad
638 942 903 1022 confirmationem
918 943 1051 1012 veniant,

97 1031 132 1082 ul
154 1030 338 1081 moneantur
352 1019 562 1098 consessionem
583 1027 682 1102 secere
698 1026 797 1100 prius,
822 1033 858 1084 nt
879 1022 988 1083 meridi
1003 1022 1054 1081 do-

97 1121 172 1162 num
194 1103 324 1182 Spiritus
340 1102 444 1163 Sancta·
466 1105 587 1164 calcant
608 1107 752 1184 accipere.
775 1104 861 1178 Quod
885 1105 923 1165 de
937 1104 1054 1165 contes-

99 1186 182 1246 sione
205 1189 397 1260 peccatorum
420 1188 639 1260 praemittenda
656 1188 880 1264 praescribitur,
905 1186 974 1246 olim
993 1205 1050 1246 non

98 1266 140 1326 ita
155 1271 309 1328 servatum
324 1265 413 1326 luisse
428 1286 435 1324 :
460 1284 555 1344 neque
577 1271 657 1328 enim
674 1269 836 1328 observatu
852 1270 1052 1329 necessarium

96 1355 174 1417 erat,
200 1354 359 1426 propterea
372 1349 450 1424 quod
473 1351 550 1411 soliti
566 1355 667 1410 essent
676 1347 780 1410 fideles
801 1352 900 1410 statim
917 1356 983 1428 post
997 1349 1054 1409 Ba-

97 1433 239 1512 ptismnm
263 1429 440 1508 consignari,
464 1449 499 1491 ac
517 1433 629 1492 'deinde
652 1433 689 1490 ad
705 1448 849 1491 mensam.
863 1432 982 1491 Domini
1004 1449 1063 1490 acu

96 1512 216 1574 cedere.
249 1510 318 1571 Non
335 1517 401 1572 erat
430 1530 501 1590 ergo
530 1533 637 1574 recens
659 1514 815 1591 baptizatis
847 1513 1050 1573 necessarium

98 1595 298 1672 poenitentiae
321 1593 561 1660 Sacramentum.
586 1596 677 1656 illanc
698 1597 767 1656 olim
789 1592 900 1672 jejunis
924 1594 961 1653 ab
982 1592 1053 1672 Epi·

97 1672 188 1752 sco'po
209 1674 316 1753 jejuno
337 1673 529 1738 Confirmatio
551 1679 768 1756 praebebatur3
793 1676 962 1752 etquidem
984 1682 1052 1752 post

95 1757 231 1824 divinum
255 1764 408 1834 peractum
433 1757 648 1828 Sacrificium,
672 1761 751 1819 circa
774 1757 881 1817 horam
903 1757 1051 1829 tertiam,

96 1840 206 1900 saltem
229 1843 387 1916 postquam
411 1843 568 1918 separatim
592 1861 609 1902 a
631 1842 783 1918 Baptismo
806 1841 868 1915 ipsa
889 1838 1054 1899 Confirma-

96 1923 139 1982 tio
160 1921 362 1982 administrari
396 1923 504 2000 eoepit.
539 1923 628 1987 Certe
661 1926 699 1982 de
719 1921 1051 1982 nitu-administrandae

95 2001 337 2064 confirmationis
360 2003 434 2065 hora
461 2007 546 2066 tertia
570 1997 894 2083 elegantissimmn'est
921 2003 1053 2077 testimo-

94 2087 179 2146 ninm
193 2084 337 2150 Amatorii
360 2084 514 2148 Fortunati
538 2087 603 2148 Lib.
628 2085 671 2148 tv
694 2086 740 2145 De
762 2081 980 2144 Ecclcderticie
1000 2082 1052 2163 Of-

92 2167 173 2248 ficiis
192 2166 266 2246 Cap.
279 2165 403 2226 XXIX.
427 2166 668 2230 Confirmationis
690 2163 918 2227 Sacramentum
941 2165 1052 2224 citara-

92 2254 231 2318 cterem,
255 2265 307 2308 seu
330 2249 516 2326 signaculum
540 2251 696 2328 spirituale
717 2250 746 2308 in
769 2248 867 2307 anima
896 2248 1051 2323 imprime

93 2349 141 2399 re,
165 2338 256 2408 atque
271 2329 382 2390 idcirco
404 2331 540 2391 reiterari
565 2351 621 2392 non
639 2349 735 2408 posse,
758 2328 891 2398 Graecis,
916 2334 978 2389 tum
995 2326 1051 2386 La.-

94 2413 166 2474 tinis
187 2411 348 2491 Patribus,
381 2412 426 2472 rel
450 2432 487 2474 ex
510 2415 573 2491 ipso
597 2415 738 2482 nomine,
773 2418 832 2488 q'uo
854 2410 1049 2489 Sipaaculum

92 2494 224 2570 Spiritus
239 2493 338 2554 Sancti
361 2494 480 2560 dicitnr,
505 2502 621 2556 certum
638 2502 685 2554 est
705 2513 740 2554 ac
756 2493 967 2554 indubitatum.
992 2489 1051 2550 lta·

95 2579 139 2636 tio
162 2577 335 2654 potissima,
360 2592 415 2636 cur
438 2576 495 2635 troc
518 2577 746 2638 Sacramentum
770 2575 871 2635 iterari
898 2579 1048 2650 nequeat,

92 2676 132 2720 ex
148 2676 192 2720 ·eo
213 2659 391 2726 desumitur,
416 2660 495 2735 quod
519 2659 608 2718 datur
628 2677 685 2737 per
705 2655 828 2716 modum
852 2655 1050 2731 consecratio·

94 2741 162 2802 uis:
189 2746 293 2802 natura
317 2746 420 2814 antem
442 2742 677 2802 consecrationis
699 2739 887 2799 iterationem
908 2755 974 2797 uon.
999 2736 1052 2796 ad-

93 2823 198 2884 mittit.
233 2822 292 2882 Res
314 2823 407 2883 semei
441 2823 476 2881 ad
500 2841 588 2884 ustrm
610 2817 748 2897 aliquem.
766 2818 830 2877 Deo
851 2823 1049 2883 consecrata,

94 2904 164 2965 talis
186 2902 316 2982 qrtandiu
339 2905 451 2973 existit,
475 2909 621 2981 perpetuo
642 2908 755 2962 manet.
784 2899 941 2979 Quidquid
961 2901 1048 2958 temet

92 2986 187 3064 suerit
210 2995 421 3054 conrecrutum,
446 2985 588 3046 Sanctum
612 2981 794 3044 Sanctorum
815 2984 875 3042 crit
896 2981 1051 3048 nomino,-

96 3074 131 3129 ut
145 3068 274 3130 habetur
290 3065 414 3128 Levitioi
430 3066 533 3145 Capite
550 3065 666 3127 ultimo.
684 3063 773 3126 Certe
788 3063 893 3124 fideles
907 3081 961 3142 per
972 3059 1052 3122 Con.-

95 3147 297 3212 firmationem
321 3149 490 3209 consecrari
513 3147 593 3218 Deo,
619 3153 773 3224 tamquam
796 3147 904 3205 milites
925 3143 1047 3213 Christi,

97 3237 128 3292 et
149 3232 288 3310 deputari
323 3231 359 3290 ad
382 3231 552 3308 agendam
581 3247 659 3306 quae
680 3229 832 3307 pertinent
859 3227 897 3288 ad
919 3243 1049 3304 pugnarn

97 3314 284 3389 spiritualem
307 3318 408 3373 contra
426 3311 514 3372 Fidei·
533 3313 644 3380 troclea,
658 3327 762 3381 omnes
773 3307 925 3369 Ecclesiae
938 3307 1067 3368 Patres·

95 3394 244 3456 alllrmant
265 3396 351 3456 relati
367 3411 384 3454 a
400 3391 559 3454 Sambovio
573 3391 619 3460 ue,
632 3392 827 3454 Sacramenta
840 3389 1047 3470 Confirmatio·

95 3475 372 3555 nir‚1)isputatione
394 3473 436 3536 vt
459 3475 596 3536 Articulo
620 3473 644 3533 l.
661 3473 795 3532 Tandem
818 3477 883 3531 tum
904 3489 939 3531 ex
962 3471 1063 3532 Som-·

96 3560 153 3618 mis
169 3556 371 3630 Pontificibus,
385 3575 453 3618 cum
477 3575 514 3617 cx
529 3555 681 3626 Consiliis,
694 3572 784 3632 quam
808 3553 1048 3630 irequentissimo

94 3641 325 3720 pronunciatum
349 3641 417 3708 init,
442 3636 706 3700 Confirmationem
729 3635 831 3698 iterari
853 3653 912 3696 non
934 3653 1030 3713 posse.
