2567 4042
595 212 818 282 mitid&-

229 356 302 417 pora
324 340 511 418 insignesque
534 339 689 416 Reliquiae
712 347 783 401 non·
803 346 926 418 possunt
947 342 1050 419 reponi
1081 344 1111 399 in
1134 358 1183 399 ar-

228 440 262 481 ca
285 432 362 496 qrrac
384 440 475 500 super
497 422 599 482 ditare
622 427 814 500 exponatur,
842 422 894 482 scd
920 424 966 483 vei
995 424 1050 484 sub
1076 431 1177 491 terra,

228 503 276 563 vei
300 505 377 566 intra
401 504 538 573 Altaria,
563 523 653 582 super
675 522 751 581 qnae
773 504 957 565 Sacrificium
973 504 1082 567 Missae
1105 508 1181 566 cete·

229 585 357 657 bratur3
382 592 543 667 partesque
565 588 642 645 sacri
665 587 799 665 corporis
821 594 872 647 aut
893 588 1096 665 Reliquiarum
1120 606 1180 648 nou

227 668 390 729 admodum
421 668 548 746 grandes
581 670 610 727 in
638 668 837 747 Reliquiariis
869 669 1070 734 clauduntur.
1095 675 1129 730 ut
1149 672 1181 728 in

227 752 403 813 corumdem
426 748 605 811 Sanctorum
638 750 757 821 Fastis,
786 752 910 829 aliisque
943 753 1180 814 solemnitatibus

227 834 407 911 populorum
439 834 624 893 venerationi
659 834 868 895 exhibeantur.
904 830 979 893 Usus
1014 835 1179 894 collocandi

228 914 406 975 Sanctorum
428 930 555 992 corpora
576 916 654 976 intra
678 914 815 982 Altaria,
839 934 930 994 super
959 932 1035 992 quae
1057 915 1177 977 Sacrifi-

229 998 308 1056 cium
331 996 440 1055 Missae
462 997 654 1063 ccicbratur,
677 998 752 1056 ritus
774 1002 820 1057 est
842 1015 912 1058 sane
941 999 1175 1074 antiquissimus.

119 1100 124 1107 ·
229 1068 263 1138 ln
285 1078 345 1137 rita
368 1077 398 1137 S.
417 1076 524 1138 Felicis
547 1082 563 1139 1
586 1078 712 1139 Romani
728 1078 877 1139 Pontificis
891 1104 906 1148 ,·
917 1080 967 1155 qui
983 1085 1119 1140 mortuus
1134 1079 1179 1138 di—

228 1162 304 1219 citur
325 1160 372 1220 die
393 1158 433 1219 29
456 1161 631 1221 Decembris
652 1179 729 1220 auno
752 1159 870 1221 Domini
885 1160 957 1228 bib,
974 1161 1049 1221 hacc
1065 1161 1178 1221 baben-

230 1248 279 1303 tur
301 1242 378 1318 apud
400 1243 590 1303 Anastasium
613 1242 899 1303 bibliothecarium:
922 1242 981 1303 Hic
1003 1244 1177 1311 constituit,

229 1341 322 1402 supro
336 1326 471 1401 amatam
486 1322 659 1403 Martyrum·
674 1323 782 1386 Missos
797 1325 949 1385 celebrari.
967 1325 1091 1387 Sanctus
1106 1344 1179 1402 quo-

229 1422 287 1483 que
308 1405 501 1467 Ambrosius·
520 1406 547 1465 in
570 1405 705 1483 Epistola
726 1404 767 1465 22
787 1406 874 1465 Tom.
899 1404 919 1465 Ξ
940 1424 1008 1485 opp.
1035 1407 1094 1467 cot.
1116 1406 1187 1467 87b'

229 1489 291 1549 ait:
319 1486 455 1564 Corpora
480 1486 593 1549 Christi
613 1486 695 1550 Mart
717 1506 786 1547 rura
812 1486 972 1557 Garaosia',
997 1498 1025 1549 at
1047 1487 1178 1549 Protosii

230 1580 300 1629 anta
318 1568 469 1630 Conaaitos
484 1564 662 1630 Sorictorum
677 1509 780 1629 Missis
796 1578 823 1629 at
834 1567 960 1630 Nabaris
972 1588 991 1629 a
1005 1588 1032 1631 sa
1048 1581 1176 1650 roperta,

229 1655 302 1710 mona
322 1652 374 1710 sub
396 1650 498 1711 Attari
517 1650 670 1729 deposita:
692 1652 737 1711 De
759 1652 933 1729 corporibus
949 1651 1118 1731 Martyrum
1134 1670 1177 1711 se

229 1732 320 1809 puitis
331 1733 386 1793 sub
398 1732 550 1794 altaribus
560 1731 722 1809 Gregorius
733 1732 913 1794 Turonensis
924 1732 967 1793 Da
983 1735 1081 1812 pioria
1093 1730 1179 1794 Mar-

228 1823 332 1892 tyrum
353 1812 426 1893 Cap.
451 1813 491 1875 50
513 1814 570 1875 cot.
590 1814 669 1874 1780
685 1814 760 1875 haec
782 1815 894 1876 habet:
911 1815 1012 1893 Ipitur
1028 1818 1177 1894 martyrio

229 1906 449 1956 consummatus
470 1897 615 1974 pieriosus
635 1896 780 1957 Pbotinus
796 1896 973 1977 Episcopus,
991 1900 1043 1976 pai
1058 1894 1178 1976 Lupdu-

229 1979 314 2037 transi
330 1979 466 2056 praefuit
487 1979 554 2039 urbi
568 1978 710 2040 Sacerdos
722 2024 729 2045 ,
742 1997 798 2056 par
812 1980 984 2040 certaminis
999 1979 1103 2039 nobilis
1118 1998 1177 2039 urs-

229 2060 326 2119 ritum
347 2064 479 2121 innectus
502 2070 548 2119 ast·
563 2057 653 2121 cocio.
677 2058 748 2128 ute,
756 2062 790 2119 in
811 2071 914 2141 crypta
929 2059 1179 2122 Rasitiaualiaatr'

228 2139 355 2202 loannis
377 2143 429 2201 sub
450 2140 553 2203 Aitari
574 2153 615 2203 ast
636 2143 786 2219 sepultus,
811 2155 838 2203 et
859 2146 894 2202 ab
916 2162 975 2202 uno
996 2142 1113 2221 paridem
1134 2146 1178 2203 la-

229 2231 290 2283 tera
312 2220 497 2364 ῗὶρίροάἰαε,
520 2226 557 2285 ob
588 2225 686 2284 altaro
711 2242 779 2283 asra
800 2222 974 2285 Alauondar
995 2220 1117 2303 Martpr
1138 2236 1178 2284 ast

229 2313 315 2364 tuma
328 2315 407 2365 utus.
582 2340 586 2347 -
1054 2328 1056 2338 ’

270 2384 325 2447 ΙΠ.
348 2386 452 2447 Oratio
475 2388 667 2447 Dilectissima'
688 2387 770 2445 nabis
792 2406 868 2464 quae
891 2387 1048 2448 adhibetur
1072 2388 1101 2445 in
1124 2406 1175 2446 no-

227 2472 289 2527 stro
303 2466 466 2529 Pontificati
481 2470 614 2529 Romano
626 2486 679 2545 pro
691 2468 894 2531 bencdictione
906 2468 1081 2547 Capsarum.
1096 2476 1177 2530 extat

228 2566 286 2607 nou
308 2551 396 2610 modo
418 2552 447 2610 in
470 2553 674 2629 manuscripta
697 2548 836 2611 Gulielmi
852 2552 984 2613 Durandi
998 2549 1174 2617 Pontificaii,

229 2629 281 2689 sed
303 2637 333 2690 et
354 2634 383 2692 in
405 2633 527 2707 antiquo
548 2631 662 2693 Ordine
684 2632 834 2705 Romano,
859 2635 887 2693 iu
910 2648 969 2708 qua
985 2638 1085 2695 tamen
1101 2632 1177 2693 uuiti

227 2710 435 2789 praefiguntur
460 2715 602 2776 uersiculi
617 2759 625 2784 ,
641 2714 875 2795 >appellaturque
893 2712 1052 2793 'Praefatio
1078 2732 1176 2775 consa·

227 2794 371 2854 arationis
392 2814 560 2873 capsarum.
584 2794 630 2856 Ex
652 2797 855 2873 manuscripto
876 2794 984 2857 Codice
1012 2794 1175 2857 Pontificaii

227 2873 406 2937 S.-Viotoris
427 2896 576 2939 annorum
590 2880 711 2939 circiter
726 2876 786 2947 DC,
804 2879 854 2937 ubi
876 2879 973 2955 agitur
996 2876 1031 2938 ds
1053 2878 1116 2937 ritu
1130 2880 1177 2937 bc-

226 2956 382 3018 acdiacnda'
403 2959 533 3028 scrinii,
555 2978 609 3021 seu
630 2959 726 3021 Arcas
748 2958 796 3020 vei
822 2960 947 3039 Capsoa,
965 2962 1095 3035 primum
1111 2962 1176 3035 qui-

226 3038 294 3099 dem
317 3042 520 3103 recitabantur
542 3042 696 3109 Litaniae,
720 3040 828 3103 deinde
850 3060 926 3102 vero
946 3047 992 3102 ter
1006 3040 1173 3119 Episcopus

224 3121 352 3190 dicebat,
370 3123 450 3184 Dans
463 3125 496 3185 in
512 3123 701 3205 adjutorium
715 3142 814 3183 mcum
827 3122 959 3192 intends,
973 3130 1074 3200 postea
1090 3140 1176 3184 exor-

125 3266 128 3270 ,
226 3204 353 3265 cismum
374 3223 471 3282 aquae
497 3204 637 3266 iaciebat.
662 3204 849 3283 Aspargebat
881 3205 986 3267 deinde
1008 3204 1174 3283 Episcopus

210 3285 388 3354 scrinium,
412 3287 459 3346 vei
481 3306 604 3358 arcam,
622 3304 813 3365 campsamve
830 3304 899 3347 cum
915 3305 992 3363 aqua
1008 3288 1172 3355 benedicta,
1197 3293 1200 3299 “

224 3367 381 3443 psaiiendo
399 3368 620 3446 Antiphonem,
645 3366 786 3448 Asparpas
800 3388 845 3428 ma
862 3370 1008 3438 Domina:
1024 3376 1087 3431 tum
1102 3386 1174 3429 vero

224 3450 311 3508 istam
337 3450 502 3511 orationem
528 3451 764 3528 pronunciabat:
792 3448 927 3511 Actiones
949 3461 1063 3512 nastros
1081 3468 1173 3527 ,qua

224 3528 322 3598 finita,
346 3533 557 3610 extergebatur
579 3534 744 3601 scrinium,
769 3532 817 3593 vel
838 3548 927 3605 capsa
949 3550 1018 3593 cum
1042 3533 1132 3593 linteo
1154 3552 1171 3593 a

224 3614 378 3684 ministris,
401 3621 433 3675 et
454 3615 629 3677 cantabatur
652 3614 834 3694 Antiphone:
862 3612 924 3689 Qui
945 3616 1070 3675 babitus.
1088 3614 1177 3694 Man-¹
