2567 4042
395 189 673 262 mmmm·

100 324 167 380 mine
180 321 376 397 appellarunt,
392 336 463 379 cum
486 321 524 379 ob
546 320 670 378 nimiam
687 321 867 396 parvitatem
890 321 918 380 id
942 324 1039 382 nomi·

100 404 136 461 nis
155 401 231 462 iesse
252 403 400 477 nequiret.
425 399 524 478 Vulgo
548 403 648 476 itaque
671 407 735 462 tum
759 399 852 462 Presb
876 405 949 468 teri,
974 409 1039 464 tum

100 484 157 542 laici
176 483 269 561 hujus
290 483 462 542 relectionis
486 500 593 543 nomen
608 503 625 542 a
640 483 799 543 blanachis
817 503 843 542 m
903 487 943 544 ati
958 491 1050 556 sunl,-

99 565 142 640 qui
161 567 236 624 circa
261 564 339 623 idem
362 569 508 641 tempus,
532 564 605 624 dcam
633 564 670 624 ad
698 583 854 643 vesperam
885 567 1042 626 convenie-

99 645 335 722 bautSccipturis
357 648 405 706 vel
428 648 619 722 antiquorum
641 644 764 705 natam
788 647 966 707 lectionibus
988 665 1042 708 au·
1099 679 1104 686 ·

98 729 222 794 itandis,
247 745 353 803 parum
375 729 436 786 viui
458 738 548 804 atque
571 728 655 806 panis
677 727 840 788 frustulum
863 729 1043 789 adhibebant

96 811 188 870 diebus
208 807 327 888 jejunii.

130 891 165 949 V.
187 891 277 965 Quod
301 909 373 952 vero
400 892 436 950 ad
459 892 556 967 ipsam
578 891 713 950 ciborum
743 891 952 953 abstinentiam
975 909 1042 968 spe·

96 979 158 1037 etat,
181 975 210 1032 in
234 973 291 1032 liae
314 974 440 1044 reillnd
463 975 562 1049 primo
584 979 712 1038 constat,
737 990 927 1034 communem
952 973 1040 1036 luisse

96 1056 217 1114 smmum
242 1052 446 1114 Ecclesiamm
469 1056 597 1131 praxim.
620 1060 654 1114 ut
676 1054 778 1114 fideles
802 1073 855 1130 pes
870 1055 1042 1131 Quadrage·

96 1139 192 1196 simam
214 1135 252 1195 ab
275 1137 424 1202 carnibus,
438 1136 520 1205 vino,
545 1136 672 1210 aliisque
694 1137 768 1196 cibis
786 1138 960 1196 lautioribus
975 1138 1043 1196 abs-

96 1221 225 1278 linerent.
244 1216 368 1276 Sanetus
384 1216 512 1276 Basilius
526 1216 663 1276 Humilia
691 1217 737 1276 1.³
760 1218 794 1276 de
815 1215 939 1298 Jejunia
954 1216 1043 1297 (qued

96 1319 145 1360 nau
166 1300 245 1360 aliud
268 1317 358 1373 quam
381 1299 640 1376 quadragesimale
664 1299 701 1358 ab
724 1318 760 1360 eo
782 1301 906 1376 intelligi
928 1306 1043 1361 cunstat

95 1399 126 1440 cx
147 1383 238 1442 tatius
260 1379 412 1440 Homiliaa
433 1379 544 1459 seriel:
571 1381 684 1442 Carnes
706 1401 765 1440 non
788 1381 859 1449 edis,
884 1382 999 1459 inquit,
1024 1397 1044 1440 a

93 1465 154 1522 uiue
175 1464 330 1529 abstines,
351 1480 504 1541 uesperam
526 1473 663 1540 expectas
688 1473 723 1522 ut
746 1465 842 1522 eibum
864 1480 973 1522 sumas.
997 1459 1043 1522 Ex

94 1564 143 1604 usu
163 1547 265 1619 itaque
280 1541 432 1603 Ecclesiae
448 1541 605 1620 conjuncta
627 1552 694 1604 erat
716 1563 784 1604 cum
807 1543 923 1624 jejunio
945 1561 1044 1603 acar-

95 1628 173 1687 nibus
195 1625 405 1686 abstinentiae.
429 1624 614 1699 Theophilus
637 1623 767 1701 Epistola
794 1625 834 1685 lll
864 1628 899 1685 ad
922 1629 1045 1686 univer-

94 1726 136 1768 sas
155 1706 289 1784 Aegypti
305 1703 480 1782 Episcopus:
502 1704 563 1780 Qui
584 1717 695 1773 autem,
713 1709 820 1782 inquil,
839 1709 936 1786 lepum
954 1725 1045 1787 prae·

95 1800 170 1866 cepta
191 1787 376 1855 custodiunt,
399 1789 542 1865 ipnarant
562 1791 666 1847 einum
689 1792 722 1847 in
741 1790 879 1869 jejuniis,
904 1791 1045 1848 carnium

95 1889 169 1930 esum
190 1867 367 1944 repudiant.
385 1869 511 1929 Sanctus
530 1867 661 1946 Cyrillus
677 1869 969 1950 Hierosolymitanus
987 1870 1046 1932 Ca·-

93 1952 194 2010 teclaeesi
216 1947 499 2029 1V:Jejunamus,
523 1951 641 2026 inquit,
667 1961 693 2008 et
715 1971 734 2010 a
756 1953 825 2012 caino
849 1953 1046 2029 carnibusque

94 2050 142 2092 nas
162 2034 355 2100 abstinemus,
380 2049 439 2088 nan
460 2050 495 2090 ea
518 2033 604 2109 quasi
619 2035 744 2110 piacula
767 2035 972 2101 abhorrentes,
995 2031 1046 2091 sed

92 2113 255 2174 mercedem
278 2122 473 2194 expectantes,
489 2122 525 2172 ut
547 2113 619 2172 dum
633 2115 764 2174 sensibus
780 2126 869 2192 prata
885 2113 1047 2174 contemni·

92 2214 164 2263 mus,
181 2195 341 2274 spirituali
361 2195 533 2272 caelestique
553 2213 654 2252 mensa
674 2197 836 2272 fruamur:
859 2208 945 2274 utque
967 2211 1047 2252 nunc

93 2280 271 2338 seminantes
292 2294 360 2333 eum
380 2275 532 2354 lacrymis,
551 2295 619 2335 cum
642 2278 827 2336 eastitatiane
843 2290 991 2338 mittamus
1013 2279 1047 2337 iu

93 2359 207 2418 saecula
234 2365 372 2416 uenturo.
396 2356 560 2416 Concilium
582 2357 759 2418 Toletanum
776 2359 849 2419 Vlll-
870 2360 946 2434 quod
970 2375 1046 2417 anno

94 2439 150 2500 653
171 2439 313 2498 habitum
334 2442 392 2506 est,
407 2436 560 2498 Cananeil
582 2440 625 2497 sic
647 2439 801 2499 decernit:
830 2439 974 2519 Quisquis
990 2437 1047 2506 ata

92 2524 140 2580 bus
158 2518 426 2596 Quadrupesimue
444 2521 507 2580 sine
521 2521 685 2581 ineuitabili
700 2524 868 2582 necessitate
884 2535 971 2600 atque
986 2519 1047 2596 [ru-

92 2603 217 2680 pilitum,
234 2601 384 2660 ueletiam
405 2601 646 2681 impassibilitate
669 2607 788 2672 aetatis,
813 2623 892 2664 esum
910 2603 1048 2662 carnium

89 2684 327 2760 praesumpserit
350 2692 516 2752 attentare,
538 2701 600 2741 nan
621 2687 714 2744 salum
737 2686 794 2744 erit
808 2685 1049 2745 Resurrectiam‘s

94 2764 297 2830 Dasminium,
318 2781 423 2822 uerum
445 2765 534 2824 etiam
555 2761 671 2824 alienus
693 2767 729 2823 ab
752 2767 879 2847 ejusdem
904 2766 965 2824 elici
980 2783 1050 2823 san-

95 2857 140 2906 eta
165 2846 408 2915 Communiane‚·
438 2856 465 2906 et
489 2847 543 2904 bae
568 2847 614 2905 illi
637 2850 808 2906 cumuletur
832 2848 872 2906 ad
894 2865 1049 2926 poenam,

95 2940 127 2988 ut
147 2928 245 3007 ipsius
267 2928 342 2984 anni
364 2935 490 3007 tempure
512 2929 548 2986 ab
570 2930 653 2986 amni
673 2931 813 2987 carnium
835 2949 883 2988 esu
904 2929 1051 2988 abstineat

95 3011 207 3086 palam.
226 3007 299 3086 quia
320 3010 413 3068 saeris
436 3009 536 3068 distin
557 2999 753 3069 abstinentiae
775 3011 878 3071 oblitus
901 3019 942 3068 est
963 3009 1051 3068 disai-

113 3092 222 3152 linem.

93 3110 113 3169 p
133 3171 190 3232 Vl.
205 3170 251 3229 lle
265 3168 333 3246 ejus
347 3169 504 3233 duratione
520 3172 548 3231 id
562 3169 649 3248 juvat
664 3171 836 3242 observare,
851 3190 945 3232 unum
960 3171 1050 3230 idem·

96 3271 152 3330 que
172 3252 301 3312 minime
322 3250 411 3312 luisse
425 3253 530 3333 jejunii
552 3253 817 3330 quadragesimalis
838 3260 965 3332 tempus.
980 3250 1050 3310 Dies

97 3337 175 3394 euim
197 3333 358 3410 pravasia
379 3333 584 3395 Ecclesiamm
607 3336 760 3412 disciplina
784 3337 905 3410 plures,
930 3334 1055 3416 paucio-¹

98 3434 184 3478 resve
199 3418 296 3474 era'nt:
309 3415 518 3478 nibilo‘tamen
533 3419 631 3476 secius
642 3417 870 3494 quadragesima
885 3417 954 3475 dieti
970 3419 1052 3481 sunt,-

98 3500 146 3560 tel
168 3496 247 3575 quod
270 3494 376 3555 fideles
395 3517 432 3558 eo
444 3498 557 3578 Jejunlo
570 3497 676 3557 lesum
690 3499 841 3558 Christum
859 3517 913 3576 pec
927 3495 1051 3572 quadra·

99 3582 177 3657 ginta
200 3579 263 3638 dies
285 3578 314 3636 in
328 3578 446 3641 deserto
465 3579 650 3659 jejunantem
674 3578 976 3657 imitarieuparent,
1000 3574 1049 3634 vel
