2567 4042
459 199 520 260 ιω
540 187 602 248 bib
623 195 683 255 ms·

93 317 262 394 disciplina,
288 314 407 378 ineundi
431 316 577 377 nimirum
596 315 746 395 jejunium
770 335 787 374 a
810 315 884 376 ieria
907 313 948 376 lV
971 332 1048 391 quae

92 399 224 475 primum
255 399 511 475 Quadragesimae
534 397 723 459 Dominicam
757 398 878 474 praeit,
908 413 985 473 quae
1017 415 1049 457 o·

91 479 208 620 pnipm
230 486 278 542 est
299 480 487 553 Latinorum,
501 482 526 542 si
538 499 630 541 uuam
646 481 778 558 excipias
793 477 1048 542 Mediolanensem

118 579 269 622 ccesram.
306 612 309 617 ,

132 641 200 703 Vll.
225 643 417 722 Rigidissima
439 644 496 722 luit
527 645 606 722 apud
628 646 766 721 antiquos
793 639 900 720 jejunii
923 640 1048 720 discipli-

92 741 139 784 na.
163 724 332 787 Credebant
353 727 463 802 quippe
491 726 630 787 omnibus
665 725 843 788 Christianis
875 740 941 784 esse
971 721 1051 802 jeju·

91 805 232 874 nandum,
256 808 337 884 quod
358 825 463 868 omnes
485 813 540 868 ant
562 814 731 883 peccarent,
757 811 808 866 aut
830 811 911 866 certe
935 822 988 882 per
1001 803 1048 884 je-

88 885 164 964 junii
183 883 381 965 seueritatem
403 892 569 949 sanctiores
591 887 658 949 heri
681 894 841 966 poterent,
867 893 899 948 ut
921 887 949 944 id
964 904 1049 966 egre·

90 969 137 1044 gie
158 971 290 1048 explicat
311 968 371 1031 Leo
394 969 523 1046 Magnus
544 971 644 1032 Sarm.
668 969 707 1030 l!
725 969 760 1028 dc
787 967 1048 1046 Quadrapcm'mu,

90 1067 187 1127 neque
197 1054 287 1113 aliam
298 1052 442 1112 solvendo
455 1050 571 1131 jejunio
586 1068 710 1113 causam
725 1051 911 1129 probabilem
922 1069 990 1112 esse
1001 1067 1050 1111 vo·

89 1129 202 1200 lebant,
219 1139 339 1211 praeter
362 1151 452 1192 unam
467 1133 600 1209 corporis
616 1132 836 1193 infirmitatem.
854 1129 955 1192 Canon
968 1132 1051 1208 Apo-

88 1214 210 1275 stolicus
231 1213 355 1274 LXXX
376 1233 481 1276 omues
503 1215 627 1291 quidem
653 1235 710 1276 non
730 1212 902 1291 jejunantes
924 1213 1049 1274 anatho·

69 1300 167 1356 ,mate
190 1296 284 1366 ierit,
308 1296 361 1355 sed
384 1314 458 1357 unos
481 1303 582 1356 tamen
611 1298 725 1374 excipit
746 1294 883 1370 infirmos
901 1314 908 1352 :
928 1305 1051 1374 praeter

88 1394 180 1453 quum
200 1379 227 1436 ri
243 1382 377 1455 corporis
398 1378 576 1458 infirmitate
590 1378 808 1456 impediamur.
828 1377 904 1454 lpsis
918 1395 993 1436 vero
1007 1377 1052 1436 in-

65 1502 67 1505 -
87 1455 182 1518 firmis
204 1459 261 1518 hac
275 1461 400 1521 demum
426 1461 490 1536 lege
504 1457 654 1537 jejunium
677 1458 836 1519 remissum
860 1465 917 1526 est,
935 1463 970 1518 ut
992 1476 1051 1518 non

85 1541 230 1616 continuo
252 1543 291 1602 ob
312 1541 343 1600 id
364 1542 523 1601 crederent
543 1542 726 1618 permissum
750 1541 807 1600 sibi
830 1539 938 1617 quavis
961 1539 1049 1610 hora,

87 1622 255 1698 quorisque
277 1624 414 1684 ciborum
430 1640 541 1700 genere
564 1628 700 1684 ventrem
717 1623 865 1700 saginurm
884 1621 936 1680 sed
953 1622 1051 1697 primo

87 1705 112 1763 si
134 1707 390 1773 convalescerent,
407 1705 509 1765 statim
532 1703 604 1765 illud
627 1712 837 1772 resumerent3
863 1704 997 1764 secundo
1020 1711 1054 1765 ut

87 1786 111 1843 si
133 1803 193 1853 non
207 1789 341 1851 omnino,
358 1787 458 1863 aliqua
480 1787 588 1846 saltem
604 1804 643 1846 cx
659 1790 745 1864 parte
760 1787 957 1845 christianam
974 1791 1050 1847 tenr-

86 1867 253 1943 nerantiam
276 1885 348 1945 prae
369 1886 401 1928 se
424 1868 548 1928 ierreut.
567 1867 598 1928 S.
616 1865 779 1942 Gregorius
803 1865 933 1943 Magnus
955 1883 1051 1942 quum

84 1948 212 2010 deberet
232 1951 270 2010 ob
291 1951 439 2010 stomachi
462 1966 586 2026 gravem
609 1947 965 2025 infirmitatemsingulis
988 1948 1049 2009 ier-

86 2047 135 2090 me
158 2029 243 2090 boris
264 2031 364 2090 cibum
386 2050 519 2108 capere,
543 2048 635 2107 aegre
659 2029 774 2090 terebat
803 2047 839 2088 ue
861 2029 959 2105 ipsam
984 2031 1049 2106 qui-

84 2113 157 2174 dem
186 2110 330 2189 majorem
361 2113 581 2173 hebdomadam
612 2129 698 2189 posse
725 2129 756 2172 se
777 2108 942 2188 jejunare:
977 2127 1053 2170 mox*

84 2211 160 2255 vero
182 2212 278 2271 quum
293 2196 418 2254 sabbato
434 2213 541 2272 magno
563 2193 704 2270 precibus
720 2192 898 2253 sanctissimi
914 2191 972 2250 viri
994 2193 1048 2251 ali-

85 2272 267 2353 quantulum
289 2277 498 2347 convaluisset,
522 2273 671 2352 jejunium
694 2275 732 2334 ed
756 2292 914 2351 vesperam
937 2273 1047 2350 produ·

79 2357 139 2427 xit,
166 2363 201 2416 ut
223 2352 286 2433 ipse
306 2357 344 2416 de
367 2376 399 2418 se
420 2359 524 2418 scribit
539 2357 661 2434 Dialop.
685 2356 751 2418 Lib.
769 2355 813 2416 Ill
828 2355 902 2432 Cap.
921 2352 973 2414 33.
990 2355 1048 2417 Ce-

86 2443 188 2499 terum
209 2439 234 2497 si
256 2438 378 2514 quidem
401 2457 455 2514 per
479 2438 680 2499 valetudinem
707 2440 750 2498 eis
778 2439 910 2506 liceret,
941 2453 1045 2498 omues

85 2521 122 2581 ed
146 2537 240 2580 unum
261 2517 423 2579 Christiani
450 2519 636 2598 jejunabant.
661 2517 744 2579 Hinc·
761 2519 888 2580 Basilius
911 2514 1046 2580 Humilia

84 2601 122 2660 11
143 2599 179 2659 dr
192 2598 318 2682 Jrjcuio
336 2605 473 2669 testatur,
497 2603 656 2662 universos
670 2599 855 2662 Christianos
878 2602 1045 2677 generatim

83 2681 245 2760 jejunasse,
269 2683 332 2742 sive
353 2683 483 2750 milites,
507 2685 570 2744 sire
590 2681 737 2761 juvenes,
761 2681 825 2742 sive
847 2698 956 2750 senes,
980 2682 1044 2743 sive

84 2763 233 2831 feminas,
257 2765 321 2824 sive
344 2765 538 2841 navigantes,
561 2765 626 2824 sive
647 2765 789 2824 viatores.
815 2761 861 2822 Ex
883 2761 1043 2824 Ambrosio

85 2845 182 2984 pum.
198 2843 339 2906 XXXlV
354 2846 444 2906 etiam
460 2846 587 2912 eruitur,
604 2847 692 2907 senes
709 2842 818 2922 ¹jejunii
839 2845 1043 2906 tenacissimos

99 2943 190 2987 uisse.

125 3007 209 3067 Vlll.
235 3006 384 3086 Tempore
405 3006 658 3085 Quadregesimae
686 3015 755 3068 ante
785 3005 889 3068 Altare
916 3025 1041 3084 snspen-

85 3088 211 3151 debatur
227 3092 342 3151 cortina
366 3092 442 3151 inter
458 3089 671 3150 sanctuarinm
694 3093 727 3170 et
740 3089 875 3157 clerum,
892 3105 972 3164 quae
988 3089 1041 3150 Al-

86 3175 152 3234 tare
172 3178 204 3232 et
218 3169 370 3233 Ministros
392 3172 535 3239 velabat,
558 3189 656 3247 neque
679 3170 889 3232 retrahebatur
912 3169 966 3230 nisi
984 3167 1042 3228 llo·

87 3254 204 3313 minicis
225 3257 278 3314 aut
299 3252 405 3315 diebus
425 3254 520 3314 iestis.
543 3250 683 3329 Plerique
706 3250 939 3314 inMouastcriis
961 3252 1041 3328 lege·

86 3332 194 3404 bantur
215 3333 252 3394 ad
274 3333 456 3398 Matutinum
478 3333 646 3396 Sermones·
662 3332 784 3394 Petrum
807 3338 924 3394 tantum
944 3377 962 3400 „
981 3350 1047 3393 non·

86 3430 157 3476 vero
178 3415 216 3476 de
237 3415 414 3494 Scriptura,
438 3417 495 3476 uisi
516 3417 547 3474 in
568 3413 740 3476 Dominicis.
764 3414 1039 3494 Multiplicabautur

86 3494 202 3567 Officia,
225 3502 258 3558 et
278 3499 502 3576 prostrationes,
521 3497 699 3559 lavabantur
720 3495 853 3574 quotidie
876 3496 967 3573 pedes
982 3503 1038 3557 stu·

87 3583 118 3636 to
138 3597 305 3658 pauperum
327 3592 478 3690 uungro,
503 3579 607 3657 eisque
626 3579 808 3657 erogabatur
822 3579 1012 3656 eleemosyna
1028 3599 1035 3646 ς

224 3675 281 3729 tut.
303 3681 323 3726 l.
869 3676 902 3726 15
