2567 4042
494 210 717 281 wtttdso

134 344 188 405 Vis
208 342 338 405 Sortem
355 338 504 401 Ecclesiae
519 341 650 421 scitique
671 340 799 423 ejusdcm
814 338 1019 411 Potriorcloc,
1036 344 1081 402 uel

134 422 372 502 Arelliepiocopo,
389 424 434 484 orl
452 421 615 503 Episcopo,
631 430 659 480 ct
672 424 743 483 meis
757 425 968 485 successoribus
982 423 1079 505 fidem,

133 508 368 589 abjectionem,
390 503 608 572 obedientiam,
632 514 661 563 ct
682 506 876 565 reverentiam
905 504 1005 565 devote
1019 551 1027 576 ,
1040 516 1079 567 -ct

135 589 258 671 fideliter
275 596 418 667 perpetuo
440 584 598 646 cohibere?
619 585 703 646 Varii
717 586 806 646 libri
829 587 941 663 antiqui
958 586 1080 647 Pontifi-

133 673 214 732 eales
245 670 345 729 varias
367 669 479 729 babent
505 668 669 743 praesentis
697 668 937 745 interrogationis
968 667 1082 731 formu·

135 754 191 813 las.
224 750 420 812 Consuevisse
441 753 541 809 autem
574 750 724 829 ejusmodi
748 749 961 827 professionem
996 764 1082 826 prae-

136 835 209 895 stari
236 850 273 893 ex
295 832 431 909 scripto,
456 832 631 908 interposito
652 831 851 910 jurejurando
885 850 975 910 super
997 833 1080 910 signo

131 916 247 978 'Sacrae
268 913 372 975 Crucis
394 908 633 990 quamplurimis·
648 914 827 975 testimonils
846 920 963 975 certum
986 920 1049 975 est:
1074 924 1090 933 ·’

177 995 232 1057 lll.
255 994 427 1057 Benedictio
442 994 568 1056 Abbatis
590 995 722 1072 primum
742 997 772 1054 in
795 996 884 1055 certis
903 996 1081 1072 quibusdam

136 1078 321 1140 orationibus
342 1078 504 1137 constituta
524 1075 608 1137 luit:
630 1094 790 1155 progressu
818 1080 962 1154 temporis
990 1067 1082 1139 additi
1173 1128 1182 1146 .

135 1160 261 1237 quidem
293 1158 377 1219 luere
405 1159 479 1219 ritus
507 1159 684 1235 peculiares,
707 1156 842 1219 tradendi
864 1159 978 1219 seilicet
1006 1178 1082 1221 novo

138 1235 249 1303 abbati
270 1242 299 1300 in
316 1258 369 1302 sua
382 1241 474 1316 ipsius
489 1240 695 1303 benedictione
710 1241 834 1317 insignia
855 1242 1001 1317 quaedam
1015 1242 1082 1320 Epi·
1193 1270 1196 1277 ⁴

25 1387 27 1394 ,
137 1324 276 1402 scopatio,
296 1322 450 1390 baculum,
466 1323 620 1392 annulum,
636 1326 668 1383 et
690 1322 747 1381 alia
770 1323 797 1380 id
815 1340 918 1399 genus.
944 1320 1013 1384 Fuit
1033 1322 1083 1385 vel

138 1407 256 1483 priscus
278 1407 363 1472 ritus,
381 1410 416 1462 ut
437 1411 593 1482 postquam
609 1405 709 1465 Abbas
729 1398 851 1463 servare
874 1420 907 1483 se
920 1404 995 1464 velle
1017 1414 1086 1481 spo·

136 1488 301 1563 puniisset,
318 1503 396 1563 quae
419 1487 504 1547 illum
521 1485 686 1563 Episcopus
709 1484 920 1562 interrogabat,
938 1486 1083 1545 ambobus

138 1573 208 1629 ante
223 1566 325 1628 nltare
346 1568 513 1643 prostratis,
531 1568 665 1628 Litaniae
681 1567 863 1627 dicerentur.
883 1564 988 1626 Tradit
1010 1566 1086 1627 hae'e

138 1650 235 1711 Vetus
255 1648 337 1710 Ordo
354 1647 507 1711 Romanus
530 1650 579 1709 ubi
601 1650 662 1726 agit
683 1649 719 1708 de
734 1647 925 1709 Ordinatione
947 1647 1080 1709 Abbatis.

138 1730 245 1792 Ordini
265 1732 386 1807 antiquo
402 1728 537 1791 Romano
559 1731 705 1793 consentit
727 1731 860 1807 prolecto
881 1735 967 1791 vetus
990 1728 1085 1798 Cassi,

135 1816 240 1876 nensis
258 1812 371 1873 Codex.
396 1813 440 1872 lle
463 1819 577 1890 septem
599 1814 861 1875 Poenitentialibus
880 1808 1004 1875 Psalmis
1027 1832 1085 1875 una

138 1914 210 1957 cum
224 1895 339 1956 [itania
360 1894 391 1953 in
403 1894 612 1956 benedictione
627 1895 753 1956 Abbatis
768 1894 912 1963 dicendis,
931 1896 1086 1981 egregium

138 1980 289 2039 lrabemus
311 1978 410 2036 locum
432 1975 462 2035 iu
475 1974 639 2037 Pontificali
656 1975 805 2036 Ecclesiae
821 1975 1014 2038 Conelrensis.'
1037 1974 1087 2037 Fi·

140 2061 203 2121 nita
218 2059 345 2128 Litauia,
362 2074 486 2134 surgens
502 2054 677 2137 Episcopus,
695 2062 842 2135 prostrato
864 2050 1003 2118 manento
1019 2057 1089 2118 Ele-'

136 2149 201 2213 eto,
218 2158 323 2201 versus
345 2139 382 2200 ad
405 2138 488 2199 illum
503 2139 574 2198 dicit
588 2140 775 2200 Dominicam
800 2139 881 2218 prins
897 2137 1086 2211 Orationem,

139 2222 248 2285 deinde
270 2223 433 2293 versiculos
456 2220 623 2297 quosdam,
648 2228 678 2282 et
700 2222 783 2282 binas
804 2220 985 2292 Orationes,
1011 2239 1086 2297 uuas

141 2306 241 2384 legere
262 2305 357 2363 estin
381 2302 503 2377 antiquo
525 2302 661 2363 Romano
683 2302 863 2372 Ordine‚‚in
886 2301 995 2385 Codice
1016 2301 1088 2364 Cas-

141 2384 277 2451 sinensi‚
301 2381 517 2445 in'Poutiticali
539 2386 743 2464 manuscripto
765 2382 967 2460 Bibliothecae
989 2383 1088 2463 Ange-

101 2502 105 2510 ·
141 2469 228 2539 boae,
252 2485 287 2527 ac
309 2467 375 2527 aliis
396 2465 611 2543 compluribus3
637 2468 665 2527 in
689 2468 797 2544 quibus
820 2465 1013 2527 nihilominus
1035 2468 1088 2529 alt-

137 2567 201 2627 qua
222 2549 352 2609 variatas
372 2552 455 2609 extat
475 2548 571 2624 quoad
593 2550 770 2611 versiculos.
915 2554 917 2559 ’
937 2552 940 2558 “

186 2631 241 2692 lv,
265 2630 499 2707 Antiquissimus
515 2636 563 2690 est
581 2630 656 2691 ritus
677 2628 847 2709 imponendi
862 2614 984 2693 manum
999 2642 1089 2709 super
1212 2704 1215 2711 Ι

143 2719 235 2791 caput
253 2712 455 2788 benedicendi
478 2710 626 2781 Abbatis,
651 2712 695 2773 uti
723 2711 882 2773 observant
903 2713 1036 2782 eruditi,
1059 2717 1090 2774 et

141 2796 214 2857 dum
236 2794 402 2872 Episcopus
424 2810 530 2854 manus
551 2810 641 2868 super
664 2799 753 2871 capnt
774 2790 869 2874 Electi
891 2794 1015 2855 Abbatis
1029 2796 1089 2855 im·

140 2877 235 2956 ponit,
259 2874 432 2937 Orationem
457 2873 646 2954 Omnipotens
666 2875 840 2952 sempiterne
863 2877 944 2937 Deos
966 2873 1089 2955 affluen-

141 2963 203 3021 tem
225 2963 283 3018 ele.
308 2959 337 3017 in
360 2958 481 3018 modum
506 2954 696 3033 praelationis
718 2957 843 3027 recitat,
869 2957 957 3034 idque
971 2964 973 2969 '
987 2964 1091 3019 monet

142 3048 209 3102 tum
229 3037 313 3098 Ordo
337 3045 426 3100 vetus
447 3036 625 3104 Romanus,
650 3054 719 3099 eum
742 3039 887 3114 sequioris
917 3042 983 3101 aevi
1006 3037 1091 3099 Libri

143 3119 340 3185 Pontifieales.
362 3120 510 3197 Regulam
534 3136 611 3180 novo
626 3119 736 3180 Abbati
759 3120 787 3177 in
809 3137 863 3179 sua
885 3121 977 3197 ipsius
1000 3121 1091 3183 bene·
1203 3118 1204 3121 ’

142 3204 272 3266 dictione
299 3202 441 3263 traditam
474 3220 577 3263 omnes
600 3220 659 3261 uno
680 3220 824 3263 consensu
857 3207 920 3263 tum
942 3208 1087 3274 veteres,

144 3291 210 3348 tum
232 3285 416 3365 recentiores
439 3282 520 3343 Libri
542 3282 730 3345 Pontiiieales
757 3285 888 3353 docent;
913 3286 965 3359 qui
988 3290 1089 3347 tamen

143 3368 175 3429 lb
194 3364 512 3445 ejusdem'tradendae
532 3365 661 3427 tormula
683 3384 743 3426 non
771 3382 878 3444 parum
906 3366 1087 3445 discrepant.

142 3444 252 3509 Postea
266 3448 430 3526 Episcopus
452 3465 528 3507 noro
543 3447 652 3508 Abbati
667 3448 847 3525 pastoralem
862 3447 1007 3512 Baculum
1030 3454 1089 3511 tra-

142 3532 199 3593 dit.
221 3530 385 3608 Singularis
405 3530 464 3591 tuit
486 3530 561 3589 ritus
582 3528 815 3605 Camerlacensis
837 3529 1035 3609 lllonasterii,
1059 3532 1090 3591 in

142 3611 330 3690 quo'Abbas
361 3611 475 3674 clectus
505 3610 542 3673 de
570 3612 688 3673 tumulo
710 3610 741 3672 S.
766 3608 886 3673 Martini
908 3612 1090 3675 Turonensis

285 3705 344 3759 Vols
364 3710 384 3763 Ι.
922 3710 955 3761 ro
