2567 4042
441 233 445 242 2
564 188 787 288 *lases

206 326 429 408 ginum'eultus
450 340 508 383 non
523 326 570 383 est
584 322 633 383 hie
655 322 772 403 anobis
793 323 982 399 probandus:
1006 324 1148 386 satiserit

207 408 345 473 nonnulla
366 408 499 467 indicare
527 404 680 481 quomodo
701 401 848 481 Imagines
870 404 980 484 dlpingi
1009 407 1146 467 debeant.

91 499 95 511 '
206 496 258 557 Pie
284 497 317 552 et
343 485 752 549 laudabiIIter'Sanetissima
780 485 908 547 Trinitas
938 488 1093 567 pingitur,
1119 493 1151 553 et

208 575 353 652 imagines
374 568 441 646 ejus
462 586 540 647 quae
561 570 599 628 ab
621 566 753 635 Ecclesia
768 568 977 646 approbantur,
993 576 1062 633 sunt
1082 571 1152 631 illae

209 675 287 737 quae
304 655 400 715 Deum
416 651 536 711 Patrem
551 653 778 728 repraesentant
797 649 892 711 forma
908 650 1005 723 Senis,
1022 653 1051 713 in
1066 652 1152 731 eujus

156 794 159 800 ,
211 743 278 806 sinu
299 734 441 799 estlesus
457 732 606 802 Christus,
622 738 654 793 et
674 733 751 792 inter
765 739 925 809 utrumque
940 732 1068 811 Spiritus
1082 734 1152 795 San-

210 830 275 883 etus
297 820 393 879 leima
415 815 590 885 Columbae;
608 814 776 895 uelillae,
800 816 958 891 inquibus
980 833 1151 893 repraesen·
1178 829 1180 833 ·

210 910 310 965 tantm
326 916 462 960 seorsum
476 896 557 978 Deus
571 896 660 981 Pater
681 896 777 955 iorma
800 894 895 968 Senis,
909 915 1044 959 seorsum
1066 898 1153 960 Chri·

211 990 274 1047 stus
292 1028 300 1054 ,
323 981 375 1042 sed
397 980 555 1057 propinqui
583 980 673 1039 ambo
693 986 725 1058 el
744 979 822 1038 inter
844 984 1004 1056 utrumque
1026 979 1153 1059 Spiritus

136 1069 140 1075 '
212 1068 338 1129 Sanotm
354 1064 450 1123 forma
470 1060 645 1129 Columbae,
662 1061 705 1121 uti
723 1060 799 1121 bene
819 1061 969 1122 adnotavit
989 1058 1153 1121 Cardinalis

211 1145 422 1228 Capisuoehius
441 1145 477 1202 io
494 1142 712 1205 Controuersiia
733 1140 911 1222 Theolopiois
932 1142 968 1203 de
987 1140 1162 1207 culoso·

213 1247 336 1291 erorum
364 1226 537 1303 Imaginem
559 1223 578 1292 b
598 1225 638 1286 11.
662 1222 965 1302 blaqullleoerodori
989 1226 1155 1288 docuerunt
1176 1226 1197 1237 ”

213 1332 269 1375 nee
289 1312 391 1371 Deum·
406 1304 537 1375 Patrem,
560 1306 860 1386 neeSanotissimam
871 1307 1045 1369 Trinitatem
1070 1310 1099 1368 iu
1115 1308 1155 1386 pi·

214 1396 305 1458 charis
337 1391 555 1469 repraesentari
581 1390 703 1451 debere.
733 1386 774 1449 At
796 1391 820 1449 si
836 1388 938 1450 ,lorma
961 1390 1098 1451 hominis·
1119 1406 1159 1471 se*
1222 1448 1224 1451 .

213 1477 294 1539 Deus
315 1471 557 1549 conspiciendum
582 1472 719 1533 exhibuIt
736 1469 862 1545 Adamo‚
880 1477 913 1531 ut
935 1471 1063 1533 habetur
1078 1469 1153 1532 Gen..

213 1558 287 1638 Cap.
310 1554 354 1617 III
381 1573 411 1614 v.
435 1551 467 1623 83
490 1555 515 1612 si
534 1555 633 1614 scalae
661 1554 777 1613 innixus
803 1556 943 1630 apparuit
964 1554 1156 1615 Patriarehae
1190 1616 1193 1623 ,

215 1641 319 1707 Jacob,
347 1642 378 1697 et
398 1634 505 1711 Moysi.
529 1637 573 1696 uli
598 1635 705 1714 legitur
726 1634 802 1697 Gen.
827 1631 899 1712 Cap.
916 1634 1052 1698 XXVIII
1066 1654 1097 1696 ν’.
1118 1634 1161 1695 131

215 1731 248 1785 et
260 1720 356 1782 Exod.
365 1718 438 1794 Cap.
447 1715 585 1778 XXXIII
598 1737 630 1778 v.
643 1716 695 1787 233
713 1716 738 1776 si
752 1722 905 1793 tamquam
914 1716 1031 1797 vRegem
1047 1717 1163 1778 throno

215 1806 392 1866 insidentem
414 1816 446 1859 se
467 1799 604 1861 exhihuit
624 1799 720 1860 Isaiae
740 1798 811 1876 Cap.
827 1798 867 1859 VI
882 1818 912 1859 v.
928 1801 957 1873 13
972 1800 996 1861 si
1006 1800 1158 1873 Aeleiuus

215 1886 315 1953 Pater,
338 1889 372 1944 ut
394 1880 521 1941 babetur
542 1882 646 1942 Daniel
666 1881 738 1959 Cap.
762 1879 820 1941 VII
841 1899 870 1939 v.
889 1880 920 1941 9.
937 1882 1054 1944 Danieli
1071 1882 1158 1961 appa·
1172 1893 1184 1898 ··

216 1971 279 2031 ruit
302 1966 398 2029 forma
415 1962 500 2024 Senis
520 1964 652 2026 vestibus
667 1965 742 2024 albis
764 1963 866 2032 induti,
879 1964 991 2043 capillis
1007 1968 1159 2042 tamquam

217 2055 284 2113 lana
304 2046 427 2116 munda,
451 2051 482 2106 et
502 2065 593 2123 super
614 2047 759 2107 thronum
783 2046 879 2124 ignIs:
903 2048 927 2106 si
944 2048 1071 2124 denique
1087 2044 1159 2125 'Spi-

217 2136 290 2196 ritus
311 2131 436 2193 Sanctus
457 2127 486 2186 in
509 2127 604 2188 forma
617 2128 784 2189 Columbae
800 2146 888 2209 supra
899 2127 1061 2190 Iordanem
1076 2128 1175 2188 uisus

109 2268 112 2273 .
218 2224 273 2285 est,
295 2219 330 2275 ut
354 2211 482 2272 hahetur
498 2208 643 2273 Matthaei
664 2208 736 2286 Cap.
751 2208 795 2270 III
815 2229 845 2269 v.
870 2208 920 2281 16,
934 2229 1022 2272 nemo
1043 2211 1176 2286 estqui·

217 2318 276 2360 non
298 2296 409 2362 ¹videat,
427 2296 507 2352 reete
527 2310 613 2368 posse
633 2290 732 2353 Deum
755 2292 833 2369 pingi
855 2292 897 2352 eis
918 2290 1036 2362 formis,
1054 2292 1161 2371 quibus

220 2394 366 2458 apparere
390 2373 527 2450 dignatus
549 2381 604 2443 est,
627 2378 660 2433 et
680 2374 770 2434 etiam
791 2372 863 2443 illis,
890 2375 1019 2450 quibus,
1043 2367 1161 2450 eoquo

219 2459 376 2543 possumus
396 2455 497 2523 modo,
513 2453 582 2532 ejus
602 2454 791 2534 majestatem
809 2461 840 2516 et
860 2457 1104 2535 omnipotentiam
1124 2454 1168 2514 ob'
1218 2484 1220 2487 ·

219 2541 321 2605 doulos
341 2554 498 2616 ponamus.
616 2614 619 2618 Ι
1091 2590 1098 2599 ,,
1135 2548 1138 2551 ’
1175 2546 1177 2553 ’

263 2622 304 2683 11.
327 2618 431 2693 Quoad
451 2617 617 2697 Imaginem
633 2617 806 2686 salvatore-
820 2620 917 2680 leeere
933 2617 1090 2697 aliquando
1111 2635 1164 2683 ve-
1185 2664 1187 2670 ,

223 2713 302 2767 teres
323 2701 364 2762 illi
387 2699 590 2771 Pellioanurn‚
611 2701 661 2775 qui
682 2702 843 2762 vulnerans
864 2702 920 2761 sihi
941 2707 1041 2762 rostro
1060 2699 1179 2779 pectus⁴

222 2788 304 2849 elioit
323 2786 509 2863 sanguinem.
533 2780 661 2843 Piuxere
684 2798 890 2861 nonnunquam
906 2783 974 2861 agni
995 2782 1090 2863 figura
1104 2781 1165 2843 Sal·-

221 2875 382 2937 vatorem‚
407 2864 601 2941 diademaque
617 2871 654 2926 -et
673 2866 817 2927 vexillum
838 2865 1000 2937 addidere,
1023 2872 1058 2927 ut
1074 2863 1165 2925 intel·-

222 2952 392 3029 ligeretur,
424 2964 534 3026 agnum
555 2948 633 3008 huno
658 2964 723 3009 essa
742 2948 835 3023 illum
860 2949 990 3008 occisum
1017 2948 1104 3009 simul
1134 2950 1165 3005 et

222 3032 403 3101 redivivum,
427 3028 522 3107 qualis
540 3030 638 3108 imago
660 3028 737 3109 apud
761 3030 880 3106 antiqua
896 3029 1166 3107 Coemeteriaape·

225 3119 305 3176 olata
320 3118 377 3173 est.
399 3112 444 3171 De
459 3113 580 3188 antiquo
595 3130 679 3172 more
692 3111 845 3173 Christum
861 3112 998 3191 pingendi
1019 3113 1074 3174 sub
1089 3109 1165 3187 dgni

225 3196 323 3276 specle
355 3193 450 3253 multa
477 3194 594 3255 erudite
607 3194 738 3254 ‘collecta
764 3193 822 3271 legi
842 3199 965 3272 possunt
989 3196 1066 3274 apud
1088 3186 1189 3258 Bao?

227 3276 341 3339 narroti
367 3276 395 3333 in
418 3270 535 3353 ripere:
565 3272 774 3344 Osseroazioui
794 3291 881 3354 sopra
903 3278 916 3337 i
939 3278 1016 3338 oelra'
1039 3267 1194 3351 Camala-²

225 3360 307 3420 riuti.
331 3356 470 3417 Vidimus
493 3358 582 3418 etiam
606 3357 720 3435 pictum
744 3356 897 3418 homiuem
922 3356 1018 3436 figura
1039 3357 1168 3419 Saluato-
1193 3395 1195 3399 .
1238 3399 1241 3403 -

230 3459 317 3511 rem,
341 3437 458 3500 sublata
483 3439 513 3497 in
535 3440 647 3500 collum
668 3438 805 3509 alicula,
834 3440 983 3519 talemque
1004 3440 1169 3515 Imaginem

226 3524 322 3583 luisse
341 3520 526 3581 arbitramur
543 3538 620 3593 eam,
636 3519 674 3581 de'
699 3538 758 3597 qua
780 3522 856 3599 apud
869 3522 1085 3585 Tertullianum
1100 3518 1166 3597 Liba
1218 3503 1221 3519 ¹

228 3603 271 3666 De
292 3601 442 3664 Pudicitia
464 3601 610 3681 Capilli
629 3604 821 3691 mentioest,
844 3622 938 3684 eaque
960 3602 1061 3683 Imago
1082 3598 1112 3661 iu
1128 3604 1190 3659 sa-'
