2567 4042
431 194 656 264 witti&-

74 325 103 381 iu
122 322 230 392 Deum,
253 321 432 402 Symbolum
453 323 569 384 scilieet
590 324 816 400 Apostolorum,
840 323 903 384 sire
922 321 1016 386 Credo

73 407 102 462 iu
122 422 216 464 onom
240 405 336 466 Deum
357 411 417 466 etc.
442 405 520 482 quod
542 413 589 467 est
609 404 733 466 Nicaeui
748 403 872 465 Consilii
892 403 1018 484 Symbo-

72 487 138 554 lum,
161 492 195 546 et
215 483 351 565 signabat
370 487 478 550 deinde
499 489 597 566 ipsum
619 487 775 554 infantem,
792 486 907 548 dicens:
922 485 1018 548 Bene·

70 567 153 629 dictio
174 567 233 628 ue·
255 566 381 638 Petris,
406 579 434 630 et
455 567 550 639 litii,
579 580 606 631 et
632 569 765 649 Spiritus
781 563 896 628 ·Suncti
917 570 1017 630 ueniet

70 667 152 726 super
176 659 214 719 te,
232 661 259 710 et
281 650 321 710 nel
336 651 428 713 uitem
445 651 595 736 perducet
616 662 782 712 aeternam.
800 650 915 716 Restat,
940 655 1018 712 utet

71 731 103 790 de
124 730 282 793 Dominiea
304 733 447 794 Oratione
469 734 603 795 nonnihil
625 735 773 800 dieamus,
797 731 876 809 quod
899 736 929 794 et
950 733 1017 808 ipsa

68 829 122 871 una
143 830 215 874 cum
237 814 381 894 Symbolo
404 818 433 875 in
462 817 615 893 baptismo
637 816 795 878 infantium
817 832 835 873 a
855 812 1023 876 Sacerdoti

67 901 92 954 ut
104 893 336 973 susceptoribus
357 897 519 976 conjuctim
535 901 656 960 recitari
679 899 766 958 solita
782 895 838 955 luit
859 913 897 955 ox
913 895 1013 956 Ritua·

68 977 134 1036 lium
156 981 357 1060 praescripto.
380 979 538 1042 Rationem
560 979 627 1059 ejus
649 982 724 1042 ritus
746 979 833 1038 docet
855 996 907 1037 nos
930 977 1016 1053 plane

67 1062 286 1138 manuscriptus
314 1059 415 1123 Codex
443 1061 572 1138 insignis
600 1061 755 1123 Ecclesiae
777 1059 955 1120 Viennensis
987 1062 1017 1122 iu

66 1139 154 1200 Gallia
177 1143 259 1220 apud
280 1141 417 1206 Marteuc
437 1144 538 1205 Libl
559 1144 664 1223 Capite
687 1143 699 1203 l
722 1142 859 1203 Articulo
874 1141 936 1203 ΧΗ
958 1140 1015 1203 Or·

67 1223 128 1282 dine
150 1222 209 1293 lv,
231 1227 262 1284 et
283 1232 473 1303 pervetustus
495 1228 648 1287 Romanus
669 1225 752 1287 Ordo
774 1223 831 1284 Vll
853 1225 930 1300 apud
953 1224 1018 1286 bla-

67 1303 221 1367 billonium
242 1304 338 1366 Temo
360 1307 388 1368 ll
411 1307 532 1370 Musaei
558 1307 687 1368 Italici:
709 1307 778 1385 quia
806 1307 922 1367 scilicet
947 1307 1017 1368 leaeo

66 1403 111 1446 nos
136 1384 248 1450 Oratio
269 1390 453 1451 commendet
470 1389 602 1457 Christo,
619 1390 798 1460 ⁴eecoecitiot
821 1386 896 1456 Deo,
920 1385 1017 1466 elope-

65 1471 153 1528 terem
174 1471 286 1530 inserit
307 1487 442 1542 numero,
463 1484 497 1531 ut
517 1471 631 1533 Christi
652 1474 748 1551 fociae
770 1489 827 1530 esse
848 1469 1016 1547 troistest

66 1551 117 1609 lter·
136 1553 300 1612 constituet
321 1553 474 1614 naereses.

99 1631 137 1691 V.
162 1635 210 1694 De
232 1629 416 1696 Exorcismis
443 1634 554 1695 invicta
581 1637 708 1712 produci
735 1639 857 1714 possunt
873 1637 1016 1694 ¹veterum

67 1715 246 1775 testimonia.
268 1711 392 1777 Praeter
413 1716 655 1778 catechumenos
676 1717 816 1787 adiutos,
845 1714 882 1775 de
905 1715 1014 1791 quibus

66 1794 115 1871 legi
138 1802 286 1872 poterunt
306 1797 484 1867 Menenius,
511 1799 578 1859 Lib.
603 1798 616 1858 l
638 1807 697 1860 art.
721 1798 845 1859 buum.
869 1795 902 1865 ὃς
927 1795 1015 1892 Vjce·

64 1892 168 1944 eomes.
196 1877 308 1938 Libii
328 1877 400 1960 Cap.
417 1878 482 1948 193
507 1882 537 1940 in
552 1881 691 1941 omnibus
713 1879 906 1959 baptizandis,
923 1884 1015 1938 elram

65 1961 204 2032 praesulis,
221 1960 357 2022 adhiberi
380 1965 567 2024 exorcismos
589 1963 775 2023 tradiderunt
795 1961 898 2021 eximii
913 1957 1016 2022 Patres

63 2039 226 2101 Ecclesiae.
252 2041 283 2102 S.
300 2042 435 2105 isidorus
451 2042 639 2123 Hispalensis
656 2043 821 2123 Episcopus
842 2041 910 2101 Lib.
927 2041 957 2101 ll
971 2039 1014 2101 De
1119 2071 1124 2080 ·

67 2119 174 2204 Officiis
197 2121 438 2193 messanen,
460 2123 535 2204 Cap.
552 2125 615 2186 XX
637 2127 679 2186 ita
701 2125 737 2186 de
759 2142 795 2184 ea
817 2143 851 2186 rc
874 2123 1014 2200 loquitur:

66 2200 165 2264 Serum
188 2206 405 2286 increpationis
421 2218 462 2269 est
476 2218 584 2269 contro
603 2206 794 2270 immundum
815 2208 966 2285 spiritum,
982 2206 1040 2265 in*

65 2282 293 2364 liberamento,
316 2291 376 2351 siue
401 2288 629 2351 catechumenis
650 2290 770 2367 foetus:
786 2303 845 2366 per
867 2305 953 2367 quem
976 2287 1012 2346 ab

63 2367 118 2428 iliis
139 2367 256 2428 dioboli
275 2373 456 2450 mquisnmo
478 2372 584 2441 uirtus,
602 2379 629 2431 et
642 2374 810 2433 inueterata
824 2369 956 2439 melitio,
971 2369 1016 2428 uel

63 2430 191 2509 uiolento'
211 2450 343 2513 incursio
357 2453 484 2533 inpulsa
504 2453 636 2531 stipetur.
654 2453 700 2514 Ad
722 2453 780 2514 boc
796 2454 893 2530 ipsum
915 2457 1015 2513 autem

64 2533 249 2604 potissimum
277 2534 381 2596 alludit
406 2533 535 2611 Magnus
559 2533 737 2596 Senoncnsis
760 2535 1014 2612 Archiepiscopus

65 2613 90 2670 in
111 2613 238 2673 Libello:
263 2615 299 2674 sle
321 2614 700 2697 brestinesbrunnen,
723 2617 809 2696 jussu
831 2614 930 2678 Caroli
951 2615 1015 2678 Ma·

64 2697 108 2771 gni
128 2695 233 2766 edito,
256 2698 308 2782 ubi
330 2701 372 2758 sie
393 2700 473 2760 iuter
493 2697 554 2758 alia
574 2701 693 2778 iuquit:
718 2697 910 2762 Ecercismus
931 2717 1016 2778 prce·

66 2795 114 2844 ee,
138 2779 232 2838 totins
253 2798 323 2840 uero
343 2781 523 2861 conjuratio,
539 2782 598 2842 siue
613 2800 707 2843 sumo
727 2783 958 2861 conjurationis,
975 2789 1015 2842 est

65 2869 162 2920 eontra
185 2858 336 2936 diabolum
353 2882 364 2932 ‚·
384 2863 508 2942 ideoque
531 2868 723 2925 increentur
747 2863 948 2944 unusquisqne
968 2882 1015 2924 ue·

65 2941 145 3001 niens
161 2941 204 3000 ud
217 2961 338 3004 socrum
351 2945 552 3025 baptismum,
576 2957 611 3005 ot
632 2945 689 3006 Dei
711 2944 771 3006 uiui
794 2945 935 3025 templum
958 2943 1015 3028 effi·

66 3025 175 3092 sintne-4
199 3025 252 3101 qui
273 3025 392 3106 effeetus
413 3034 478 3086 erat
499 3029 641 3105 temptum
663 3026 775 3087 diaboti
792 3045 849 3108 per
865 3028 1013 3104 oripinele

65 3114 222 3180 peceatum.
764 3175 772 3192 ¹

102 3185 155 3246 Vl.
179 3185 262 3249 luter
283 3189 362 3249 ritus
380 3190 432 3267 qui
455 3189 641 3266 Baptismum
665 3191 859 3268 praecedunt,
876 3193 922 3250 est
943 3191 1012 3252 sali-

66 3283 117 3328 vae
135 3267 234 3330 ‘aetus
255 3271 285 3330 in
308 3288 395 3332 nares
423 3277 454 3332 et
469 3289 570 3341 aures,
586 3271 672 3351 cujus
695 3273 877 3333 mentionem
900 3270 1013 3333 iaciunt

66 3351 169 3424 passim
191 3353 309 3430 antiqui
324 3351 588 3416 sacramentorum
603 3355 685 3415 Libri
716 3373 750 3414 ac
767 3357 938 3431 pervetusti
954 3354 1010 3416 lic-

67 3429 304 3495 slessuicensi.
328 3432 432 3514 Hujus
454 3438 530 3495 ritus
553 3438 690 3497 meminit
711 3435 743 3498 S'.
767 3435 944 3498 Ambrosius
964 3436 1011 3495 Li·

67 3508 116 3579 bro
138 3514 152 3574 l
178 3514 213 3575 ee
234 3517 280 3578 bis
301 3518 354 3594 qni
374 3515 522 3597 Μφνιννίὶν
542 3518 724 3587 initientur,
749 3516 821 3596 Cap.
839 3515 864 3576 l:
889 3516 1010 3598 Aperite

66 3595 158 3672 e'pitur
178 3615 288 3672 enen,
311 3601 418 3677 iuquit,
447 3610 475 3662 et
496 3601 606 3662 bonnm
625 3599 754 3662 odorem·
771 3603 848 3662 uitae
873 3610 1009 3662 nonense
