2567 4042
581 176 805 247 millii&-

223 310 256 365 ut
279 304 422 382 personis,
440 321 492 364 seu
514 306 606 365 rebus
627 304 776 381 aliquibus
798 305 874 365 bona
894 305 1104 366 convenientia
1121 306 1170 364 tri·

223 386 306 457 buat3
329 385 456 446 ethaeo
477 391 523 447 est
549 403 627 462 quae
648 384 821 448 Benedictio
835 384 1044 448 Ecclesiastica
1067 387 1170 465 appel·

222 465 312 537 latum
336 469 446 547 quippe
467 486 544 546 quae
566 470 685 529 nomine
701 466 854 530 Ecclesiae
882 474 912 529 et
934 486 972 529 ex
987 471 1169 531 auctoritate

222 550 251 610 ei
271 568 287 609 a
311 546 374 610 Deo
396 566 536 611 concessa
558 549 621 610 hat.
645 549 720 610 Tota
741 552 786 611 ris
808 551 899 628 igitur
920 550 1170 615 Benedictionum
1274 562 1275 565 ’

221 629 511 701 Ecclesiasticarum,
527 635 561 691 ut
582 632 658 693 bene
679 632 807 695 advertit
820 632 969 700 Eveillon,
981 639 1027 693 est
1049 634 1080 693 in
1102 652 1170 694 ora·

223 712 302 774 tione
333 720 363 774 el
385 714 571 775 invocatione
591 714 766 784 Ecclesiae,
790 732 868 793 quae
890 712 923 775 ht
946 731 1000 790 per
1020 714 1088 793 ejus
1110 714 1169 777 bli-

222 795 341 864 nistros,
365 802 399 856 nt
420 795 457 856 de
479 795 560 855 omni
581 814 692 875 genere
714 797 864 864 ciborum,
884 798 936 874 qni
958 796 1169 857 aChristianis

222 884 291 938 ante
316 894 403 938 esum
435 877 676 945 benedicuntur,
700 879 771 939 dicit
792 876 951 956 Apostolus
984 878 1012 937 in
1034 875 1171 957 Epistola

223 959 319 1037 prima
334 959 371 1017 ad
386 958 591 1033 Timotheum,
608 960 712 1036 Capite
727 966 846 1039 quarto:
860 957 1076 1040 Sanctifimtur
1090 963 1171 1021 enim

217 1058 275 1119 per
301 1038 426 1101 Verbum
448 1041 504 1100 bn·
524 1051 551 1102 et
573 1046 750 1104 orationem.
775 1040 906 1120 ldeoq'ue
928 1042 1054 1113 sicutie
1076 1040 1170 1103 Libro

222 1120 425 1183 Numerorum
449 1122 529 1184 Deus
551 1131 663 1185 certam
685 1123 812 1185 formam
840 1125 950 1202 populo
973 1124 1169 1185 benedicendi

222 1202 333 1263 Aaroni
355 1213 385 1265 et
406 1202 617 1267 Sacerdotibus
639 1205 759 1266 Veteris
780 1205 867 1283 Legis
890 1206 1111 1283 praescripsit,
1130 1208 1172 1267 ita
1275 1193 1276 1249 i

222 1285 356 1345 Ecclesia
379 1286 484 1361 [lirino
506 1287 618 1365 Spiritu
640 1288 764 1356 edocta,
788 1288 923 1349 omnium
951 1290 1054 1349 'rerum
1079 1290 1171 1351 bene·

222 1366 415 1429 dicendarum
430 1368 573 1429 lormulas
587 1368 737 1448 conceptis
753 1370 853 1429 verbis
868 1369 1004 1430 delinivit
1027 1370 1056 1428 in
1072 1370 1170 1431 Libris
1240 1402 1246 1414 ι
1275 1432 1276 1435 ,

222 1450 390 1514 llitnalibns
411 1454 441 1511 et
461 1450 640 1513 blissalibns.

263 1532 302 1593 ll.
327 1531 432 1609 llquae
447 1533 621 1593 benedictae
642 1534 789 1615 originem
811 1532 848 1593 ab
863 1530 1077 1611 Apostolorum
1091 1540 1172 1595 tem-

226 1614 347 1693 poribus
368 1620 508 1693 repetunt
528 1614 698 1686 Gretserus,
724 1616 752 1672 in
773 1611 913 1675 Trnctotn
935 1612 969 1673 de
984 1612 1172 1677 Benedictio-

222 1696 307 1756 nibm
327 1692 395 1755 Lib.
413 1694 442 1755 ll
465 1696 537 1775 Cap.
554 1695 608 1767 lV;
640 1692 791 1757 Mamilius
812 1696 967 1759 Columna,
985 1700 1014 1757 in
1037 1716 1094 1779 sno¹
1107 1696 1172 1777 Hp·

222 1776 422 1856 drapiolopim
436 1777 607 1848 Durandus,
625 1785 656 1840 et
677 1777 725 1838 alii
749 1797 806 1838 non
829 1780 928 1856 pauci.
952 1776 1101 1854 Quicquid
1118 1780 1172 1841 au'·

224 1867 285 1920 tem
306 1859 487 1937 obganniant
508 1860 698 1930 heterodoxi,
719 1860 794 1921 hanc
817 1878 910 1937 aquae
934 1862 1171 1923 benedictionem

223 1958 258 2001 ex
281 1944 454 2018 pervetusto
476 1941 547 2013 ritu,
569 1942 682 2019 ingenti
704 1942 852 2005 Fideliunr
874 1943 1013 2011 utilitate,
1031 1945 1171 2003 universa

222 2024 393 2100 lrequentat
407 2020 541 2085 Ecclesia
557 2022 692 2086 Romana
707 2024 829 2103 singulis
845 2024 967 2103 quidem
988 2025 1093 2085 diebus
1109 2026 1171 2085 llo-

224 2107 352 2177 minicis,
375 2111 501 2185 excepto
516 2103 651 2169 Paschae
667 2114 698 2169 et
717 2107 906 2169 Pentecostes
920 2104 1022 2175 Festo,
1038 2108 1170 2184 eoquod
1276 2136 1277 2139 ¹

223 2189 316 2267 pridie
344 2186 452 2251 harum
481 2187 724 2257 solemnitatum,
748 2192 791 2255 uti
820 2188 931 2250 notavit
952 2185 1113 2251 Gretserus
1140 2190 1171 2249 in
1276 2242 1277 2247 ,

222 2272 312 2332 citato
334 2274 426 2347 opere
448 2268 514 2331 Lib.
538 2270 566 2331 ll
588 2269 662 2348 Cap.
687 2270 730 2330 lV
756 2270 949 2331 benedicatur
969 2268 1047 2330 Fons
1069 2266 1172 2347 Bapti-

223 2353 338 2418 smalis,
362 2368 404 2411 ex
426 2350 514 2428 cujus
536 2371 614 2430 aqua
635 2351 775 2415 fidelibus
796 2370 865 2431 pars
881 2350 981 2429 aliqua
1003 2354 1095 2413 etiam
1116 2353 1170 2413 do-

122 2478 126 2484 ,
222 2452 306 2495 mum
327 2432 524 2511 adsportanda
541 2435 679 2506 dabatur,
696 2441 730 2497 ui
750 2436 792 2495 alt
805 2432 966 2495 Durandus
989 2434 1018 2493 in
1033 2452 1087 2495 suo
1105 2434 1169 2495 na-

223 2516 330 2575 tionali
350 2511 414 2574 no.
439 2514 460 2575 I
466 2512 490 2573 V
506 2515 584 2593 Cap*
603 2512 765 2593 lV‚'prius
787 2520 886 2577 tamen
913 2533 1004 2591 quam
1027 2512 1170 2578 Chrisnra

222 2595 440 2657 infunderetur.
464 2595 522 2657 Sed
539 2598 602 2659 hoc
624 2598 721 2659 obiter
743 2596 834 2666 dicto,
852 2598 1015 2659 notandum
1038 2599 1169 2677 denique

222 2684 267 2739 est
290 2677 374 2748 illud,
392 2678 530 2740 eamdem
550 2680 666 2741 scilicet
687 2680 923 2741 benedictionem
938 2696 1033 2756 aquae
1056 2698 1094 2741 ex
1115 2700 1171 2741 an-

221 2761 304 2839 tiqno
326 2759 439 2836 pariter
461 2760 596 2829 instituto
618 2764 647 2822 in
670 2780 728 2822 usu
751 2780 817 2823 esse
839 2760 917 2838 apud
940 2760 1085 2830 Graecos,
1110 2759 1177 2839 lin-³

220 2858 333 2908 menos,
350 2841 563 2913 Antiochenos,
588 2842 692 2923 Syros,
711 2843 885 2920 Aethiopes,
903 2848 936 2903 ut
956 2844 1053 2920 palam
1076 2840 1109 2903 iit
1131 2862 1170 2923 ea

219 2922 464 2985 Benedictionum
481 2925 630 2997 formulis,
645 2926 719 3002 quas
734 2926 771 2986 ad
787 2926 901 2986 calcem
916 2942 987 2987 suae
999 2918 1170 3009 Hydropio-

219 3005 311 3084 topice
333 3002 448 3084 profert
468 3007 620 3068 Marsilius
642 3004 797 3069 Columna.
825 3006 1031 3080 Quamobrem
1059 3008 1169 3069 merito

220 3084 360 3148 ridendus
382 3093 429 3148 cst
450 3085 651 3166 hospinianus
674 3086 849 3161 calvinista,
875 3090 926 3165 qui
949 3092 1062 3149 temere
1086 3106 1167 3149 asse-

220 3187 289 3230 rere
311 3187 367 3229 non
390 3170 521 3242 erubuit,
539 3170 659 3247 Aquam
680 3171 835 3231 lustralem
858 3172 887 3229 in
910 3168 1045 3229 Romana
1060 3168 1169 3247 Eccle7

221 3252 263 3311 sia
286 3250 444 3317 inventam,
469 3251 506 3310 ab
528 3253 592 3312 aliis
614 3249 758 3313 Ecclesiis
781 3271 836 3312 non
859 3251 950 3311 luisse
973 3256 1164 3329 usurpatam,

261 3329 313 3392 ΙΙΙ,
339 3333 541 3395 benedictioni
557 3332 630 3394 Salis
652 3338 682 3393 et
703 3334 818 3411 Aquae,
836 3334 872 3395 de
894 3350 952 3409 qua
973 3333 1168 3413 inpraesenti

220 3414 346 3491 agimus,
370 3413 515 3476 Sacerdos
536 3434 573 3476 ex
595 3416 690 3476 veteri
712 3416 771 3476 ritu
793 3413 1002 3475 Exorcisrnum
1024 3417 1167 3494 praemit·

222 3498 267 3556 tit.
291 3492 335 3555 lle
356 3493 600 3557 Exorcismorum
622 3496 797 3574 antiquitate
826 3498 856 3557 in
880 3492 1017 3571 Ecclesia
1038 3496 1168 3575 ejusque

222 3594 279 3640 usu
301 3579 330 3636 in
358 3578 447 3640 rariis
469 3576 730 3655 Benedictionibus
753 3576 972 3642 Ecclesiasticis
1004 3577 1168 3657 loquuntur
