2567 4042
468 224 693 296 milit&

110 355 202 414 lebat.
228 352 261 413 ld
284 355 387 416 multis
409 355 538 415 adstruit
559 352 621 414 Leo
644 346 772 416 Allatius
795 357 824 414 in
847 346 1064 417 Dissertationc

107 438 145 496 de
167 434 381 497 Recentiorem
405 428 592 499 Graecorum
618 433 741 515 Templis
763 436 928 513 papum.
951 438 1070 499 Postre-

106 519 165 578 mis
187 523 287 578 tamen
311 519 496 596 temporibus
528 517 695 595 Campanas
727 520 756 577 in
779 536 835 578 neu
860 518 952 580 luisse
984 520 1064 597 apud

106 598 265 667 Graecos,
289 616 379 677 quern
402 600 554 679 accepisse
575 598 733 660 aVenetis
755 600 810 660 sub
832 618 909 661 anno
923 600 996 670 ert,
1015 620 1067 662 au·

107 691 171 742 ctor
194 688 240 743 est
253 680 419 743 Sabellicus
434 680 567 742 Ennead.
586 681 606 741 9
622 680 688 742 Lib.
709 680 732 740 l.
750 680 846 743 Locus
861 683 891 742 in
906 701 965 759 quo
980 681 1068 744 Cam·

107 780 203 841 panae
218 763 368 841 pendent,
388 763 646 841 campanarium,
666 762 875 844 Compescerio
894 760 999 847 ljer-ris
1012 762 1068 823 Ec-

109 845 235 912 clesiae,
262 846 439 925 campanile
454 849 591 905 vocatur.
608 844 643 904 In
659 847 832 907 summitate
854 844 969 916 Crucis,
988 862 1066 922 quae
1126 904 1129 909 .

66 932 72 939 '
110 927 311 1003 Campanario
333 929 425 1006 vulgo
446 928 632 1005 imponitur,
650 928 719 1003 galli
736 928 892 1005 gallinacei
907 928 1005 1005 effingi
1022 944 1065 989 sc

109 1011 152 1069 let
173 1008 294 1086 figura,
317 1026 397 1086 quae
419 1006 625 1069 Ecclesiarum
648 1007 792 1070 Rectores
823 1010 994 1085 vigilantiae
1016 1010 1067 1070 ad·

108 1096 241 1152 moneat.
267 1090 391 1151 Praeter
410 1089 579 1169 Campanas
600 1090 736 1151 benedici
760 1092 830 1151 olim
864 1093 971 1153 alicubi
995 1110 1066 1152 con-

69 1236 75 1241 ,
109 1178 278 1239 sueverunt
298 1179 329 1245 et
349 1172 462 1244 Turres
483 1169 692 1249 Campanarie.
719 1171 807 1245 Quod
830 1174 1064 1240 mirumnideri

103 1254 222 1315 vn'cmini
241 1251 344 1320 debet,
368 1273 438 1315 cum
459 1255 490 1313 in
506 1252 657 1314 Chronico
680 1253 829 1315 Casinensl
852 1254 917 1335 Lib.
937 1253 1063 1334 lllCap.

109 1335 207 1397 XXX
231 1336 423 1409 manifestum
446 1337 504 1401 sit,
528 1335 607 1411 quod
630 1335 682 1396 ubi
703 1335 853 1397 dedicata·
868 1344 915 1398 est
936 1338 976 1397 ab
990 1337 1067 1415 ,Ale
1100 1412 1102 1415 Υ

101 1418 237 1483 candro·
250 1416 280 1477 ll
305 1414 430 1494 Summo
456 1415 599 1480 Pontifice
612 1415 761 1493 Ecclesia
785 1415 951 1491 Casinensis
967 1437 994 1482 ‚a
1010 1416 1069 1487 ne:

103 1494 226 1574 'siderio'
241 1497 368 1574 Abbatez
380 1504 574 1569 constructa,
590 1500 760 1563 dedicatum
776 1502 889 1579 pariter
903 1492 962 1560 luit
977 1502 1069 1579 ipsius
1116 1527 1118 1531 ¹

110 1579 264 1641 Ecclesiae
286 1579 536 1658 campanarium,
554 1599 607 1643 seu
624 1580 821 1657 Campanile‚
845 1581 936 1642 variis
959 1578 1070 1642 ibidem

111 1662 272 1725 reconditis
294 1661 472 1724 Sanctorum
494 1661 651 1740 Reliquiis.
677 1662 785 1728 Adde,
810 1682 873 1723 non·
901 1665 998 1724 selum
1022 1681 1068 1724 sa·
1173 1682 1176 1688 ’

111 1760 180 1805 cras
195 1741 370 1819 Reliquias,
395 1746 425 1805 in
446 1743 594 1805 Turribus
617 1744 687 1822 ipsis
711 1746 878 1806 reconditas
894 1743 996 1821 luisse,
1015 1745 1068 1805 sed
1156 1780 1161 1787 ·

111 1824 227 1887 sturia
241 1826 366 1902 insuper.
378 1826 488 1885 ibidem
500 1826 610 1895 erecta,
624 1830 659 1886 ut
673 1826 767 1887 innuit
779 1826 944 1888 Martenius
959 1826 1027 1886 Lib.
1038 1824 1067 1886 ll

111 1907 156 1966 De
178 1909 309 1985 antiquie
339 1905 487 1967 Ecclesiae
516 1908 659 1976 Ritibcc,
683 1905 755 1987 Cap.
780 1907 883 1969 XXll.

460 2051 598 2131 'carun
619 2068 705 2130 xvr.
824 2043 826 2047 ’

112 2251 156 2294 BE
176 2248 408 2294 nsnnbrcrlonn
430 2250 597 2300 AMORUM,
615 2248 703 2293 Ensis
719 2250 759 2293 ET
780 2248 911 2293 vexisti
934 2222 1067 2292 subulci.
1115 2257 1119 2266 ¹

155 2394 180 2454 l.
194 2396 370 2456 *Armorum
393 2396 562 2458 benedictio
585 2396 708 2471 antiqua
731 2392 771 2475 (l)
791 2400 838 2455 est
859 2396 887 2455 in
911 2394 1068 2460 Ecclesia,
1133 2390 1135 2395 ’

112 2479 198 2537 extat
218 2477 368 2554 siquidem
389 2480 420 2537 in
441 2478 553 2539 Ordine
576 2477 698 2553 antique
719 2476 877 2545 Romano,
902 2487 933 2538 et
954 2477 983 2535 in
1005 2477 1072 2552 plu·

113 2558 200 2620 rimis
221 2561 435 2639 manuscriptis
456 2560 560 2642 Libris
584 2555 820 2637 Pontificalibus.
851 2557 934 2619 Fuit.
950 2558 1072 2636 quidem

113 2639 240 2717 antiqua
254 2638 495 2703 Christianorum
516 2640 648 2702 militum
664 2641 769 2717 pietas,
783 2645 818 2701 ut
839 2657 897 2699 nen
913 2639 1001 2700 modo
1024 2656 1071 2698 ar-

115 2736 188 2788 ma,
212 2721 264 2781 scd
285 2729 317 2783 et
338 2724 394 2802 ipsi
415 2724 594 2800 praesertim
626 2722 679 2798 qui
700 2722 737 2781 ad
759 2722 871 2795 bellum
904 2718 1071 2799 proticisce-

117 2800 237 2873 bantur,
251 2801 421 2882 Episcopali
431 2804 642 2865 benedictione
649 2804 851 2864 munirentur.
867 2802 1073 2882 Epiphanium

100 2882 326 2964 *Patriarcbam
341 2884 705 2963 constantinopolitanum
719 2902 779 2945 non
795 2884 874 2945 solos
895 2885 1007 2945 milites
1022 2883 1074 2943 be-

116 2962 289 3037 nedixisse,
313 2968 365 3029 scd
387 2970 478 3029 etiam
500 2969 650 3035 classem,
673 2967 785 3028 diserte
807 2966 910 3027 scribit
925 2964 1075 3041 Nicepho-

80 3110 84 3117 ,
112 3064 171 3123 rus
190 3044 355 3122 Callistum
382 3051 412 3111 id
433 3051 513 3127 quod
535 3051 572 3109 de
600 3047 666 3117 aliis
686 3049 736 3108 alii
755 3049 922 3124 scriptores¹
938 3045 1070 3107 tradunt.

53 3140 57 3149 ’
115 3126 223 3207 Viguit
243 3130 319 3191 haec
340 3130 461 3211 semper'
481 3132 560 3211 apud
582 3128 716 3191 Graecos
737 3130 844 3207 pietas,
860 3124 1075 3205 quorum-Eu-

116 3209 293 3288 chologium
315 3212 406 3275 lrosce
429 3213 577 3290 hodieque
605 3212 698 3274 habet
718 3210 854 3271 Titulos:
883 3208 988 3272 Conon
1008 3225 1077 3284 sup-

112 3292 190 3373 plere
223 3292 263 3352 cd
285 3291 341 3357 SS.
366 3294 533 3376 Dciperem
565 3298 602 3355 io
631 3312 754 3354 rumore
781 3289 870 3353 Belli.
907 3288 1014 3352 Orete’o
1043 3290 1077 3349 in

119 3371 357 3453 Imperatorem,
381 3395 416 3437 oc
437 3379 501 3458 ejus
523 3372 842 3449 exercitum'Quanta
864 3374 902 3434 sit
922 3373 999 3450 apud
1022 3371 1075 3431 La-

157 3555 312 3673 (tntLucpus'
331 3559 369 3610 De
388 3542 505 3626 carietto
529 3555 680 3625 discipline
699 3520 870 3609 Clerirtr'erroc
889 3553 1095 3621 militiae-Cn*

119 3636 179 3689 pu.
233 3636 379 3691 csequ-
432 3666 436 3672 .
508 3665 513 3673 .
