2567 4042
488 184 694 256 *ntim-

112 318 257 395 guntinae
282 326 434 375 annorum
459 314 581 375 circiter
606 312 713 377 CCCC.
727 312 833 387 Quoad
848 313 975 377 Librum
1000 314 1069 396 Epi-

113 399 259 459 stolarnm
283 396 397 455 mdam
420 398 603 457 mentionem
625 396 752 462 iaciunt,
771 413 829 456 non
852 396 952 460 solum
974 400 1067 477 aliqui

115 480 198 541 lilasi
218 476 411 539 Pontificsles
441 484 511 541 ante
538 496 633 539 annos
655 476 716 539 too
738 478 867 554 scripti,
890 481 943 541 sed
975 481 1069 543 etiam

116 563 309 641 posteriores.
334 558 409 619 'l'arn
425 559 523 620 altum
544 560 699 621 silentium
721 564 768 619 est
781 568 994 636 argumentum
1009 564 1070 625 eri·

114 646 187 706 dens
209 642 414 705 Subdiaconos
435 643 601 718 antiquitus
621 640 789 719 Epistulam
813 643 841 700 in
864 641 987 721 Synaxi,
1006 646 1068 707 sive

19 749 20 762 ¹
115 725 235 805 publico
256 722 411 784 Ecclesiae
439 730 529 786 coetu
551 741 589 784 ex
611 724 710 784 officia
743 724 944 800 conlegisse.
967 724 1000 785 ld
1024 727 1069 787 di·

115 813 193 871 secte
214 810 342 867 testatus
361 810 409 867 est
430 810 498 876 ante
520 822 614 865 annos
635 806 820 883 octingentos
835 807 1009 869 Amalarius
1023 808 1069 869 Li·

114 891 170 952 oro
193 890 293 966 primo
314 887 358 947 De
385 884 514 969 Officiis,
539 887 644 966 Capite
667 886 712 948 11.
1007 889 1011 897 ’

118 970 193 1031 ··V.
218 969 373 1046 Impositis
395 986 502 1030 manus
524 966 665 1045 Episcopi
694 986 786 1045 super
807 975 898 1047 caput
920 968 1066 1042 Diaconi,

115 1058 184 1114 tam
203 1054 233 1110 in
247 1051 490 1111 sacramentario
512 1050 612 1110 Sancti
630 1049 780 1129 Gregorii,
798 1068 888 1127 quam
912 1052 940 1113 in
956 1051 1069 1115 Ordine

116 1136 241 1211 antiquo
255 1133 391 1193 Romano
413 1137 444 1193 et
459 1134 489 1191 in
506 1134 644 1211 pluribus
660 1131 882 1195 Pontificalibus
897 1136 989 1197 etiam
1004 1140 1071 1213 post

114 1234 228 1277 anncm
241 1213 351 1275 Christi
367 1214 578 1285 millesimum,
596 1214 732 1279 iacienda
755 1221 838 1276 certe
853 1218 1069 1289 praescribitur

115 1300 200 1359 initio
223 1296 426 1358 ordinationis
448 1298 582 1373 ipsorum
605 1297 822 1359 Diaconornm.
840 1297 1004 1369 Diaconns,
1029 1301 1070 1359 in·

115 1380 250 1458 quit,'S.
267 1376 442 1456 Gregorius,
460 1397 528 1437 cnm
549 1379 720 1448 ordinatur,
733 1382 811 1439 solus
825 1376 998 1459 Episcopus,
1018 1384 1070 1459 qni

113 1480 183 1523 enm
205 1460 364 1529 benedicit,
387 1457 513 1520 mariam
534 1478 625 1540 saper
647 1471 737 1539 capnt
757 1462 841 1521 illins
858 1470 972 1536 ponat,
996 1465 1070 1541 qnia

113 1553 175 1604 non
195 1542 243 1626 ad,
257 1540 485 1608 Sacerdotium,
508 1540 558 1601 sed
579 1541 621 1601 ad
642 1543 842 1603 ministeriam
865 1554 1063 1605 consecratur.

113 1624 200 1686 ldem
223 1624 316 1684 habet
334 1622 419 1683 Ordo
440 1622 620 1692 Romanus,
645 1626 697 1699 qui
717 1629 831 1689 tamen¹
853 1642 982 1687 nuntera
1003 1626 1070 1704 plu·

97 1708 172 1767 reli
194 1707 340 1782 loquitur.
359 1704 473 1765 Manus
494 1705 715 1782 impositionem
747 1710 830 1765 tactu
851 1708 1000 1783 corporali
1032 1726 1069 1769 ex

114 1788 176 1849 ritu
199 1790 238 1848 alr
260 1787 412 1865 Apostolis
433 1786 606 1847 introducto
627 1784 698 1848 fieri
717 1786 756 1846 alr
770 1784 920 1864 Episcopo
941 1790 1063 1861 debere,

103 1888 185 1930 enm
207 1871 304 1930 oratio
336 1886 424 1946 snper
445 1880 534 1946 capnt
555 1867 720 1950 offenditur
748 1868 915 1929 ordinandi
946 1870 1071 1952 Presby-

80 1959 85 1967 '
114 1952 194 2022 leri,
217 1970 269 2012 sen
289 1948 431 2015 Diaeosd,
454 1949 544 2010 docet
566 1969 619 2011 nos
640 1950 718 2010 inter
739 1951 813 2011 alios
835 1953 949 2028 priscos
970 1952 1069 2015 Ponti·

111 2032 215 2105 ficos,
246 2030 414 2109 Gregorius
434 2030 482 2090 lX
508 2032 538 2090 in
560 2030 664 2107 Capite
688 2030 865 2110 Presbyter,
890 2043 1002 2107 entra,
1033 2034 1068 2095 dc

117 2110 328 2175 Sacramentis
349 2132 409 2172 non
423 2113 582 2174 iterandis.
607 2113 728 2175 Simeon
745 2112 1018 2177 Thessalonicensis
1041 2117 1069 2176 in

113 2194 208 2257 Libro
230 2196 275 2256 De
293 2193 395 2255 Sacris
416 2190 665 2257 Ordinationilrns
687 2196 790 2273 Capito
807 2195 850 2255 lV
866 2204 1086 2259 memoratum·

117 2278 212 2340 ritum
235 2273 408 2337 enarratio
430 2276 512 2336 lrnnc
534 2275 683 2338 modumt
707 2278 857 2338 Diaconos
878 2279 1001 2359 snscipit
1023 2299 1071 2341 sn·

111 2371 174 2437 pra
197 2368 289 2438 cepnt
305 2356 510 2437 Episcopalem
524 2358 692 2429 denteram,
711 2378 786 2437 qnae
802 2359 986 2421 demonstrat
1000 2380 1070 2439 pra-

114 2442 176 2501 tiee
198 2441 488 2509 adumbrationem,
513 2450 542 2501 et
562 2442 644 2501 illins
666 2461 685 2500 a
711 2440 829 2501 Christo
855 2444 1071 2523 participatio-

113 2540 213 2591 nem,
227 2519 473 2601 qnandoqnidcm
495 2533 522 2582 et
543 2524 606 2602 ipse
627 2520 777 2602 Apostoiis
797 2540 906 2583 manns
926 2520 1071 2604 imposne·

113 2605 167 2665 rit.
191 2603 275 2665 Inter
298 2602 419 2662 latinos
439 2602 606 2681 Scriptores
627 2622 664 2665 ea
686 2604 724 2663 de
746 2621 778 2663 re
806 2605 847 2663 ita
868 2606 986 2665 disserit
1008 2605 1070 2666 An-

110 2684 229 2761 gelicus
251 2686 364 2745 Doctor
386 2676 431 2744 ΙΙΙ
455 2682 569 2754 Parte,
593 2685 774 2758 Quaestione
796 2684 964 2747 LXXXIV
986 2687 1068 2749 Arti-

111 2768 183 2826 cnlo
204 2766 266 2826 IV:
290 2765 446 2845 Impositis
466 2785 614 2829 mannam
633 2771 668 2829 in
692 2764 899 2829 sacramentis
920 2768 1069 2831 Ecclesiae

109 2846 145 2925 fit
164 2847 208 2908 ad
221 2846 455 2927 sipnificandnm
469 2849 599 2927 aliqnem
613 2852 763 2928 copiosam
785 2850 902 2927 pretias
917 2850 1066 2929 effectam,

111 2947 172 3006 quo
192 2930 253 3001 illi,
278 2929 387 3009 quibas·
404 2948 512 2990 manns
531 2930 749 3010 imponantur,
774 2930 993 3009 quodammodo
1010 2951 1067 3010 per

110 3010 278 3087 qnmndam
291 3010 522 3071 similitudinem
543 3014 765 3073 constituantur
781 3012 925 3080 ministri,
943 3012 978 3073 in
999 3016 1067 3091 qni·

110 3091 172 3151 lais*
186 3092 276 3171 eopia
297 3092 413 3169 pretias
436 3111 493 3153 esse
516 3091 608 3153 dedet.
633 3092 673 3153 Et
692 3092 759 3153 ideo
789 3110 896 3153 manns
917 3094 1067 3174 impositio

109 3170 145 3250 fit
164 3174 201 3231 in
227 3171 425 3233 Sacramenta
444 3170 579 3241 Ordinis,
601 3176 637 3234 in
658 3194 716 3253 qno
738 3176 892 3252 consertor
914 3175 1063 3254 quaedam

109 3256 294 3335 excelientia
310 3254 466 3335 potestatis
492 3257 528 3314 in
550 3256 671 3316 Divinis
693 3255 858 3336 Mysteriis.
882 3257 953 3318 Dari
976 3260 1065 3322 alicui

110 3338 291 3410 potestatem
314 3352 492 3412 permanes
514 3337 747 3413 impositionem,
765 3344 955 3413 conspertum
972 3342 1065 3402 habe·

108 3428 194 3477 mus‘
211 3435 250 3477 ox
272 3417 363 3477 Libro
388 3416 593 3478 Numerarem
615 3417 719 3496 Capito
740 3419 885 3489 XXVll,
910 3423 968 3482 ubi«
983 3422 1063 3485 Deus

108 3495 207 3577 Moysi
229 3497 272 3559 ita
294 3501 468 3577 praecepit:
489 3498 567 3560 Tolle
588 3498 789 3581 laserpitium
805 3500 1008 3570 diametrum
1028 3504 1063 3563 in

109 3594 169 3655 pne
191 3592 234 3642 est
254 3580 409 3661 Spiritus,
431 3590 460 3641 et
477 3595 555 3663 pone
574 3599 700 3645 menam
721 3592 804 3646 lnam
825 3602 914 3663 snper
936 3604 1012 3653 eam,
1035 3592 1065 3643 et

176 3677 234 3731 vol.
254 3681 276 3731 1.
907 3680 924 3731 5
