2567 4042
605 187 855 276 'menne

260 331 419 392 observata
441 331 510 392 fuit.
534 331 650 398 lndicla
672 335 709 396 ad
730 336 938 413 sepeliendum
965 334 1099 396 defuncti
1129 337 1213 396 cada-

258 429 314 472 ver
335 413 406 484 die,
430 417 609 492 omnesqui
632 417 732 479 funeri
755 419 899 480 interesse
928 417 1098 486 debebant,
1122 418 1159 478 ad
1181 418 1213 477 il-

257 493 318 553 lius
337 495 463 557 domum
478 499 719 568 conveniebanl;
743 501 822 560 unde
837 499 872 560 ad
889 497 1054 562 Ecclesiam
1070 501 1212 576 primum,

258 575 389 652 indeque
412 578 450 638 ad
473 578 624 639 tumulum
647 580 720 642 illud
743 579 922 642 efferebant.
946 578 1107 642 Efferendo
1129 582 1214 643 cada·

257 658 323 720 veri
346 658 487 720 destinati
508 659 633 722 fuerunt
654 663 818 739 antiquitus
832 661 968 740 juvenes,
986 669 1020 723 ut
1042 662 1117 723 Acta
1133 662 1213 742 Apo-

203 779 207 784 ‚
256 740 404 800 stolorum
427 742 553 802 innuunt
580 741 654 821 (lap.
671 744 698 804 V
714 743 867 806 lucrantes
881 742 1009 806 fouencs
1033 745 1212 806 inuenerunt
1263 811 1264 832 χ

259 817 423 900 Sopbircm
443 833 607 893 mortuum.
623 825 756 886 Institutl
772 825 858 887 fuere
879 827 985 889 deinde
1007 824 1162 904 Copiatae,
1179 826 1213 888 de
1263 835 1264 898 l

256 904 365 978 quibus
380 905 511 966 diximus
525 903 621 968 Tomo
645 906 658 965 l
680 906 774 968 nostri
794 907 903 984 Operis
925 910 974 968 cui
992 908 1109 968 titulus:
1127 906 1213 968 Anti·
1263 901 1264 974 l

257 985 409 1060 quitatum
423 987 667 1050 Christianarum
690 988 909 1050 Institutiones.
921 989 1107 1051 Convocatos
1122 989 1212 1051 fuisse
1263 1043 1264 1064 2

254 1070 287 1124 et
301 1067 440 1128 invitatos
455 1069 485 1126 in
501 1068 744 1132 Christianorum
766 1070 921 1132 funeribus
938 1069 1046 1130 nedum
1069 1069 1212 1132 Sacerdo-

254 1151 301 1206 tes
323 1155 353 1209 et
374 1149 539 1226 Religiosos
561 1152 613 1212 sed
635 1157 666 1210 ct
680 1169 811 1228 egenos,
830 1160 861 1214 et
875 1170 1035 1230 pauperes,
1053 1157 1140 1214 extra
1161 1155 1212 1216 du-

254 1228 340 1297 bium
355 1235 411 1290 est.
423 1230 549 1293 Sanctus
564 1233 743 1294 Ambrosius
759 1234 787 1292 in
804 1228 948 1295 Oratione
964 1233 1081 1294 funebri
1098 1234 1136 1294 de
1152 1237 1212 1296 obi-

255 1315 287 1369 tu
308 1310 410 1372 fratris
427 1316 478 1381 ,sui
501 1314 601 1393 Satyri
622 1311 794 1383 Electrum,
817 1317 969 1392 inquitet
993 1332 1153 1394 pauperes,
1177 1329 1210 1384 et,

255 1391 334 1470 quod
355 1396 450 1455 mutto
475 1398 638 1473 pretiosius
659 1403 719 1467 cst,
736 1397 886 1476 multoque
909 1397 1048 1465 uberius,
1066 1397 1210 1476 lacrumis

253 1473 315 1532 suls
344 1479 406 1554 ejus
433 1475 541 1539 delicto
566 1478 727 1538 lecerunt:
748 1478 817 1539 tuae
833 1489 902 1540 suut
926 1481 1078 1556 lacrymae
1103 1477 1212 1540 redem-

250 1556 370 1632 ptrices.
384 1555 415 1616 S.
433 1557 565 1620 loannes
580 1559 813 1636 Chrysostomus
828 1559 971 1636 frequens
986 1565 1032 1620 est
1053 1561 1084 1618 in
1106 1561 1145 1622 e'a
1168 1579 1211 1624 as-

252 1637 380 1697 serenda
401 1639 569 1717 disciplina.
593 1640 686 1717 Viget
705 1641 782 1700 haec
810 1642 959 1717 hodieque
980 1639 1112 1719 jNeapoli
1144 1661 1210 1718 con-

253 1720 402 1786 suetudo,
428 1727 463 1781 ut
484 1725 514 1782 in
536 1722 694 1783 funeribus
715 1739 862 1802 pauperes
884 1727 1109 1794 convocentur,
1136 1743 1210 1801 quos

253 1796 353 1859 Sancti
385 1801 518 1864 ianuarii
544 1810 664 1880 vocant.
688 1802 723 1863 ln
744 1805 962 1883 Episcoporum
990 1806 1124 1880 exequiis
1148 1824 1211 1872 cor·
1264 1863 1265 1884 ἶ

193 1901 202 1918 ·
252 1882 465 1957 pus'defuncti
488 1903 541 1963 per
562 1887 664 1946 varias.
684 1884 804 1949 aClero
825 1886 1034 1948 deducebatur
1046 1883 1208 1955 Ecclesiae,
1264 1907 1265 1912 ¹

181 2024 185 2033 ,
252 1971 414 2039 antequam
437 1966 638 2045 deponeretur
661 1968 691 2027 in
713 1967 885 2038 tumulum,
910 1968 939 2028 in
967 1967 1075 2044 quibus
1102 1985 1209 2045 preces

252 2048 284 2103 et
304 2046 505 2123 absolutiones
527 2051 679 2118 solemnes
701 2067 755 2125 pro
771 2045 872 2128 'ipsius
894 2049 1010 2110 animae
1032 2050 1141 2126 requie
1158 2051 1208 2110 lie·

250 2125 333 2187 bant.
357 2127 403 2190 lta
423 2131 526 2191 videre
548 2125 595 2193 est
626 2132 656 2188 in
691 2130 795 2192 funere
818 2130 849 2191 S.
875 2131 1027 2206 Wolfangi
1050 2131 1206 2211 Episcopi.

249 2205 342 2268 Notat
363 2209 522 2276 Durandus
544 2213 575 2272 in
596 2210 755 2274 Rationale
777 2212 844 2273 Lib.
869 2210 927 2271 Vll
942 2210 1015 2290 Cap.
1039 2211 1079 2274 35
1100 2230 1209 2276 secuu-

249 2289 323 2359 dum
345 2293 483 2354 locorum
498 2295 699 2372 quorumdam
716 2313 833 2355 morem
849 2299 910 2354 tres
925 2295 963 2355 ab
979 2293 1108 2356 elatione
1124 2311 1144 2356 e
1160 2295 1209 2355 do-

245 2389 298 2431 mo
319 2374 356 2433 ad
378 2375 547 2438 Ecclesiam
563 2378 712 2452 perviam
735 2376 811 2437 lieri
824 2393 953 2454 pausas,
972 2376 1128 2450 inquibus
1148 2382 1207 2438 tres
1263 2385 1264 2388 ’

246 2471 339 2530 super
360 2461 515 2520 mortuum
536 2456 650 2518 fiebant
677 2459 891 2520 absolutiones.
916 2455 1021 2518 Delalo
1048 2459 1079 2516 in
1101 2457 1208 2518 Eccle-
1264 2427 1266 2540 4

248 2535 324 2594 siam
346 2536 509 2608 defuncto,
534 2545 696 2601 consuetae
716 2558 774 2617 pro
796 2556 832 2600 eo
853 2555 959 2617 preces
990 2539 1206 2617 persolveban·
1264 2543 1266 2624 l

220 2618 323 2688 'tur,
347 2620 518 2698 Missusque
546 2629 772 2682 sacrosanctum
794 2618 974 2682 sacrificinm
996 2620 1203 2687 offerebatur,
1264 2631 1266 2650 ⁴

246 2697 318 2758 sinc
333 2718 393 2776 quo
414 2722 472 2763 non
486 2703 621 2764 solebant
642 2704 766 2764 humari
785 2702 909 2764 mortui.
929 2702 1052 2780 Spectat
1073 2702 1110 2762 ad
1135 2719 1203 2764 exe·
1264 2715 1266 2720 ’

246 2781 386 2855 quiarum
409 2784 499 2846 ritum
513 2784 619 2846 Oratio
634 2784 781 2856 funebris,
796 2801 874 2862 quae
896 2786 967 2846 olim
988 2783 1204 2862 utplurimum
1264 2789 1266 2814 ³

245 2866 314 2938 post
334 2861 458 2926 Missam
480 2864 630 2928 denatat
653 2868 778 2943 eosqui
801 2871 1012 2935 convenerant,
1036 2864 1085 2925 vel
1108 2865 1140 2925 in
1155 2867 1205 2926 de-

245 2943 339 3009 functi
361 2945 500 3020 laudem,
523 2949 573 3010 vel
594 2948 631 3007 ad
654 2948 828 3010 excitandos
850 2944 978 3016 fideles,
1000 2950 1036 3006 ut
1057 2948 1202 3009 instantes
1265 2993 1266 2996 ,

177 3037 181 3041 ·
243 3027 282 3086 ad
305 3027 403 3088 Deum
425 3047 530 3109 preces
551 3030 714 3096 funderent
734 3049 788 3108 pro
810 3029 904 3105 ipsius
932 3030 1050 3089 animae
1081 3029 1200 3104 requie.
1265 3035 1266 3094 ἶ

243 3107 361 3169 Morem
388 3129 453 3174 esse
475 3110 628 3172 Ecclesiae
662 3111 926 3187 antiquissimum,
951 3112 1140 3188 priusquam
1154 3111 1203 3172 de-

243 3190 364 3252 functus
385 3193 584 3270 sepeliretur,
609 3194 709 3268 ipsum
732 3191 873 3272 laudandi
895 3190 1012 3252 funebri
1034 3190 1199 3262 Oratione,

228 3275 280 3334 'er
295 3280 435 3334 veterum
450 3273 573 3336 Patrum
588 3273 736 3351 exemplis
752 3273 857 3350 liquet.
874 3273 986 3334 Extant
1007 3279 1038 3332 et
1059 3280 1200 3335 veterum
1265 3303 1266 3332 1

243 3349 367 3414 Patrum
389 3354 548 3416 Orationes
570 3354 730 3428 funebres,
747 3351 871 3416 Eusebii
894 3355 923 3414 in
940 3354 1045 3415 funere
1059 3353 1200 3416 Constan·
1265 3363 1266 3390 ³

242 3433 318 3502 tini,
342 3436 482 3514 Gregorii
503 3435 682 3498 Nazianzeni
709 3437 872 3496 in·funere
893 3435 1016 3511 Basilii,
1042 3434 1198 3497 Athanasii

241 3521 274 3573 et
295 3515 446 3589 Caesarii3
469 3523 499 3579 et
520 3523 680 3596 praeterea
702 3519 778 3579 aliae
801 3519 976 3580 innumerae
999 3515 1130 3579 aliorum
1145 3517 1199 3577 Pa-

242 3598 325 3655 trum
345 3599 494 3661 orationes
515 3597 659 3662 funebres
682 3598 711 3660 in
734 3599 870 3676 exequiis
897 3597 1110 3660 defunctorum
1135 3597 1199 3661 illu-
