2567 4042
617 177 843 253 *032¹*st

252 311 333 370 inler
353 309 427 371 alios
450 309 571 373 adnotat
591 309 738 372 inanibus
760 311 803 372 Dc
817 309 1032 380 sacramentis,
1055 305 1196 369 Dissona-

253 395 334 452 tione
358 392 403 453 V!
425 391 606 491 Quaestinrp
626 393 672 454 tx
694 391 766 470 Cap.
782 391 958 469 ll‚s‡nullum
980 392 1011 450 in
1032 407 1197 451 monumen·

235 475 290 535 .tis
311 479 425 550 septem
440 475 575 554 priorum
596 477 787 536 saeculorum
808 475 983 536 mandatum
1005 473 1122 552 legitur,
1144 489 1197 548 quo

251 557 417 618 sumendae
431 556 638 619 Eucharistiae
653 559 856 618 communioni
879 563 998 633 tempus
1020 553 1140 630 aliquod
1155 555 1198 616 de·

249 637 412 699 terminate
433 640 579 700 universis
597 636 851 702 christifidelibus
880 634 1091 715 praecipiatur.
1116 634 1198 697 Sacer

251 717 462 781 Eucharistiae
484 722 672 800 recipiendae
693 722 798 790 ardor,
821 723 871 801 qui
895 721 923 778 in
947 717 1097 798 prioribus
1118 715 1199 778 Chri-

252 803 356 861 stianis
369 804 453 863 risus
476 801 576 863 luerat
597 805 678 864 circa
693 805 846 864 saeculum
863 800 935 861 Vlll
959 803 989 859 in
1005 801 1155 878 plerisque
1169 799 1198 858 fi-

252 883 379 951 delibus,
398 885 517 962 penitus
530 884 716 962 elanguerat,
734 903 828 966 eaque
846 883 1023 961 negligentia
1038 881 1199 943 Ecclesiam

252 965 386 1034 adduxit,
408 973 442 1025 ul
456 967 567 1043 cuique
588 965 670 1028 fideli
692 984 808 1028 sacram
829 965 1077 1026 Communioucm
1094 965 1199 1042 praeci·

292 1054 348 1108 ret.

251 1066 335 1189 pell.
359 1127 532 1189 Tridentino
555 1135 656 1191 autem
672 1129 809 1210 Synodus
830 1129 910 1192 Sess.
927 1127 969 1188 Ἠ
991 1127 1034 1188 De
1051 1127 1200 1209 Sacrificio

252 1207 375 1271 Missae:
393 1207 531 1291 Optaret,
550 1213 656 1289 inquit,
676 1211 873 1274 Sacrnsancta
888 1209 1034 1291 synodus,
1048 1221 1084 1270 ut
1099 1210 1133 1269 in
1146 1212 1199 1269 sin·

224 1334 228 1338 ‡
251 1294 329 1370 palis
350 1290 450 1352 Missis
471 1292 571 1374 fideles
592 1293 742 1356 adstantes
764 1312 825 1354 non
844 1294 940 1354 solum
961 1292 1119 1370 spirituali
1139 1291 1202 1372 affc-

251 1385 325 1446 otu‚
357 1373 408 1433 sed
429 1375 651 1436 sacramentali
672 1378 761 1438 etiarn
784 1374 990 1434 Eucharistiae
1017 1373 1201 1454 perceptione

251 1459 648 1535 communicarent3poenam
665 1465 763 1519 tamen
778 1457 1101 1518 excommunicationis
1113 1454 1201 1515 solum

248 1539 289 1598 iis
311 1537 437 1606 inflixit,
460 1540 512 1616 qni
535 1551 728 1616 praeceptum
751 1539 914 1600 sumendae
936 1555 1039 1599 sacrae
1058 1535 1201 1597 Euchari-

251 1622 327 1680 stiae
349 1621 455 1681 saltem
488 1622 517 1679 in
538 1619 685 1683 Paschate
707 1622 923 1683 inficiarenlur.
953 1618 1060 1680 Patres
1085 1617 1200 1680 Consilii

251 1701 487 1771 Lauronensia,
511 1720 581 1762 cum
602 1706 828 1782 suspicarentur
856 1702 935 1763 baud
965 1719 1030 1763 esse
1053 1699 1201 1763 defuturos

251 1785 304 1860 qui
327 1781 547 1845 Eucharistiam
573 1783 710 1846 Pasobali
739 1791 876 1863 tempore
897 1801 1040 1853 sumere,
1072 1785 1200 1859 adeoque
1250 1831 1251 1850 2

254 1874 449 1942 praeceptum
479 1884 567 1926 suum
595 1870 704 1945 exequi
728 1869 953 1935 detrectarent,
986 1883 1055 1924 eam
1080 1881 1200 1943 poenam

250 1951 434 2009 statuerunt:
460 1946 602 2026 Alioquin
624 1961 649 2010 et
664 1953 766 2012 einans
788 1949 823 2008 ab
838 1950 974 2026 inpressu
988 1945 1143 2009 Ecclesiae
1157 1963 1200 2006 ar-

250 2041 369 2099 ceatur,
388 2040 414 2089 et
429 2031 559 2090 moriens
574 2032 741 2092 christiana
756 2039 858 2092 careat
872 2031 1038 2110 sepultura.
1057 2025 1144 2090 Idem
1159 2028 1201 2089 de·

250 2112 346 2172 cernit
360 2118 495 2174 nostrum
507 2111 627 2174 Rituale
642 2112 823 2183 Romanum,
839 2112 918 2171 idem
934 2112 1010 2171 aliae
1027 2113 1143 2186 passim
1157 2109 1201 2188 Sp-

251 2194 342 2264 nodi‚
366 2213 400 2254 ao
422 2194 557 2256 Rituales
579 2192 703 2256 Codices
726 2199 793 2272 post
815 2194 1003 2272 praedictum
1025 2191 1201 2253 Lateranas·

251 2293 317 2336 sem
340 2275 489 2337 Canonem
513 2281 693 2338 statuerunt.
722 2277 797 2338 Cum
820 2277 921 2337 tamen
943 2275 1200 2352 evenirepossit‚

249 2362 284 2417 ut
298 2354 474 2418 Confessarii
496 2357 618 2418 consilio
639 2358 862 2436 npercipiendo
877 2355 1088 2417 Eucharistiae
1104 2355 1201 2416 Sacra·
1248 2373 1249 2418 l

251 2444 355 2500 mento
376 2439 467 2516 aliqui
483 2445 554 2500 tunc
569 2441 746 2511 abstineant,
769 2441 839 2500 binc
854 2438 990 2517 ejusdem
1012 2437 1140 2499 Consilii
1154 2435 1201 2497 Pa·

251 2527 315 2582 tres
329 2539 380 2580 eos
402 2521 439 2580 ab
455 2523 536 2581 omni
559 2539 653 2598 poena
675 2522 786 2584 liberos
808 2528 838 2583 et
859 2523 1010 2581 immunes
1037 2520 1087 2580 bis
1108 2519 1201 2580 verbis

249 2602 495 2664 declaraverunt:
519 2601 590 2664 Nisi
607 2606 683 2682 forte
704 2604 875 2684 inproprii
895 2599 1065 2664 Sacerdotis
1087 2600 1201 2663 canalia
1247 2653 1248 2682 3

250 2685 284 2743 nb
305 2684 441 2762 aliquant
461 2687 671 2746 rationabilem
693 2691 815 2748 cnusoln
837 2685 878 2745 ad
900 2695 1014 2762 tempus
1045 2685 1083 2744 ab
1105 2687 1200 2766 tejas·
1247 2683 1248 2710 ¹

250 2763 334 2824 modi
351 2767 538 2846 perceptione
561 2766 685 2829 aunem
706 2766 925 2830 abstinendum.
948 2765 1155 2839 Quamobrem
1173 2767 1198 2824 ln

250 2844 445 2909 Dioeoesibus
460 2849 537 2908 bene
552 2849 694 2912 institutis
708 2850 836 2911 Parochi
851 2849 888 2908 de
902 2847 1065 2927 praecepto
1080 2847 1198 2911 Pascha·

249 2927 288 2988 lis
308 2929 532 2997 communionis
557 2933 704 3010 populum
730 2947 785 3010 per
805 2931 1076 3008 Quadragesimam
1104 2931 1197 2992 admo-

251 3017 346 3078 nent,
370 3010 526 3090 diligenter
548 3030 600 3072 eos
615 3014 789 3076 describunt
810 3013 863 3090 qui
884 3011 954 3072 buio
976 3019 1197 3100 praeceptapr-
1246 3001 1247 3087 l

250 3091 411 3162 tisiaciunt,
427 3097 459 3153 et
480 3094 546 3154 illos
562 3097 674 3172 pariter
689 3097 742 3174 qui
762 3095 846 3176 jussa
861 3095 1040 3165 detreclanl,
1064 3097 1108 3158 ati
1123 3109 1197 3174 prae

249 3174 358 3251 cipitur
380 3192 435 3252 per
456 3173 585 3237 Rituale.

291 3254 346 3314 lll.
369 3255 453 3316 luter
467 3255 585 3327 Libros,
602 3275 677 3336 quos
705 3260 759 3320 sibi
777 3260 924 3322 conficere
946 3266 977 3322 et
991 3260 1105 3322 habore
1119 3272 1196 3321 unus·
1245 3317 1246 3324 ,

250 3337 378 3413 quisque
392 3335 545 3400 Parocbus
566 3340 656 3403 debet
678 3359 715 3402 ex
731 3344 821 3405 nostri
837 3341 964 3404 thualis
979 3343 1107 3403 Romani
1122 3357 1194 3421 prae·
1245 3325 1246 3359 ¹

249 3418 373 3494 scripto,
397 3426 494 3481 estet
516 3420 616 3493 Liber,
641 3424 692 3500 qni
706 3424 816 3486 dicitur
841 3422 946 3484 Status
961 3426 1144 3486 animarum.
1164 3419 1192 3482 ln

250 3514 312 3574 quo
332 3502 453 3575 quidem
476 3504 647 3566 describere
668 3511 698 3567 et
720 3523 770 3566 eos
791 3505 944 3567 Parochus
960 3507 1070 3577 debet,
1093 3506 1142 3585 qui
1161 3501 1193 3564 nd
1244 3561 1245 3566 ,

247 3595 366 3640 sacram
388 3581 636 3649 Communionem
667 3587 798 3650 admissi
815 3593 894 3652 sunt.
918 3585 1084 3652 Concinunt
1103 3592 1191 3651 aulem
1244 3589 1245 3629 l
