2567 4042
588 175 650 239 osus>
672 164 730 227 lot
752 174 812 235 a&

225 294 317 357 lacile
339 292 534 355 trasferendis
549 297 593 356 uti
615 302 737 357 necesse
759 302 837 355 erat.
850 293 965 355 Pacatis
984 310 1058 354 uero
1072 290 1186 353 Emis.-

227 378 293 438 siae
314 377 513 454 temporibus,
529 378 584 437 etsi
607 376 781 455 hujusmodi
796 377 945 453 portatilia
960 373 1082 443 Altaria,
1100 392 1188 451 quae

227 460 321 519 etiam
343 459 487 525 viatoria,
503 460 684 535 postularia,
709 462 739 519 et
760 459 930 519 itineraria
943 458 1022 519 dicta
1036 461 1118 525 sunt,
1143 464 1186 515 ei.-

227 540 369 617 plurimis
384 541 480 600 sacris
494 536 667 607 Canonibus
687 540 868 619 proscripta,
886 556 920 599 ac
942 539 1061 616 penitus
1082 536 1182 597 elimi-

227 624 297 683 nata
314 620 436 689 luerint,
452 639 573 698 semper
589 628 690 683 minen
706 623 790 683 locus
805 620 861 680 suit
874 620 1045 697 Episcopali
1060 619 1188 696 dispens-

227 703 345 772 sationi,
356 704 409 765 ubi
432 704 461 761 in
483 704 662 764 memoratis
676 702 829 765 Altaribus
851 702 1005 769 celebrare
1020 700 1188 762 necessitas

228 784 329 861 aliqua
345 785 482 861 cogebat.
491 783 675 862 Exemplum
689 785 806 845 illustre
821 782 991 844 celebrandi
1007 782 1187 842 venerabile

226 865 341 927 Missae
355 864 543 927 Sacrificium
567 862 834 925 extraEcclesiam
849 869 880 925 et
894 866 994 925 locum
1008 864 1183 941 specialiter

227 953 440 1007 consecratum
462 948 492 1005 in
513 964 584 1007 casu
604 948 706 1024 gravis
729 946 916 1007 necessitatis
947 943 1042 1006 refert
1062 944 1094 1005 S.
1120 943 1184 1004 Au·

214 1029 371 1104 -gustinus
390 1027 458 1088 Lib.
476 1027 588 1089 XXlll
608 1027 645 1087 de
670 1027 799 1089 Ciuitate
815 1027 883 1097 Dei,
905 1024 981 1104 Cap,
997 1023 1083 1086 Vlll.
1107 1024 1189 1085 Gon.

230 1108 335 1169 cilium
356 1108 523 1171 Parisiense
555 1126 633 1169 anno
654 1106 866 1169 DCCCXXIX
895 1106 1079 1169 celebratum
1106 1106 1184 1169 Can.

229 1188 345 1250 XLVll
378 1192 408 1249 in
430 1189 625 1268 Presbyteros
653 1190 775 1265 quidem
796 1188 978 1260 inuehitur,
1001 1190 1054 1265 oui
1074 1188 1184 1249 adduci

230 1288 264 1333 sc
287 1272 475 1348 patiebantur
496 1274 533 1332 ad
556 1269 777 1332 conficiendum
800 1288 921 1331 sacrum
943 1270 972 1329 in
994 1270 1089 1333 bortis
1105 1307 1118 1340 ,·
1139 1268 1188 1329 uel

232 1350 378 1422 domibus,
402 1354 448 1415 ort
470 1363 549 1415 certa
571 1348 726 1412 aediculis:
750 1371 807 1413 non
830 1357 930 1413 tamen
952 1356 1046 1419 uetat,
1069 1352 1144 1427 qum
1164 1350 1185 1407 ii

227 1436 281 1509 qui
302 1453 336 1495 se
357 1436 458 1495 itineri
480 1434 717 1500 commisissent,
740 1430 887 1511 longeque
908 1432 946 1491 ab
968 1429 1112 1493 Ecclesiis
1135 1431 1185 1491 ab·

105 1553 120 1581 .
225 1520 353 1587 essent,
377 1517 533 1577 celebrare
554 1519 679 1593 possent
701 1515 731 1572 in
745 1513 808 1575 Ara
824 1513 989 1573 minuscula
1011 1531 1105 1589 quam
1120 1511 1186 1590 Epi·

226 1612 337 1673 scopus
370 1603 585 1658 consecrasset.
610 1594 771 1659 Portatiles
804 1596 862 1655 bae
884 1593 965 1655 Arae
998 1595 1189 1657 minusculae·

201 1676 266 1736 ‘ab
289 1678 438 1755 Episcopo
469 1683 665 1740 consecratae
699 1678 728 1737 in
752 1696 809 1739 usu
842 1675 991 1753 frequenti
1022 1676 1087 1755 jem
1120 1680 1184 1736 tum

228 1764 326 1827 erant3
349 1760 525 1837 duabusque
548 1777 586 1819 ex
608 1760 708 1819 causis
723 1758 847 1819 ductum
863 1773 927 1819 esse
943 1774 1050 1819 earum
1066 1758 1189 1817 initium·

152 1867 157 1876 ·
227 1840 357 1901 videtur.
371 1840 485 1908 Primo,
502 1858 540 1901 ne
562 1841 657 1918 pietas
679 1840 871 1901 fraudaretur
887 1840 1104 1917 mysteriorum
1120 1856 1186 1917 par·

230 1920 402 1999 tieipntionc
424 1923 624 2001 optatissima,
640 1922 712 1981 dum
736 1920 824 1998 longa
839 1921 954 2061 ἰιίηῗΙ
969 1918 1075 1981 fideles
1091 1918 1191 1980 susei-

230 2002 363 2081 piebant.
380 2002 530 2080 Secundo,
553 2010 589 2064 ut
608 2004 760 2065 celebrari
781 2006 903 2079 possent
956 2002 1069 2081 pstoria
1090 2000 1141 2063 vel
1156 2001 1186 2059 in

231 2085 371 2145 oratoriis
387 2086 564 2147 domesticis
591 2085 640 2146 rel
663 2085 693 2143 in
714 2082 859 2163 capellis,
882 2083 1095 2159 aediculisque.
1110 2096 1192 2160 quac

230 2166 363 2229 minores
384 2174 465 2228 sunt.
1176 2184 1179 2191 ’

273 2246 315 2307 ll.
338 2247 418 2308 Ante
430 2240 608 2309 ¹Concilium
621 2246 830 2307 Tridentinum
854 2245 951 2307 Altari
972 2244 1106 2323 portatili
1123 2248 1192 2305 ute·

231 2328 343 2389 bantur
365 2327 528 2405 Episcopi,
552 2328 726 2406 Presbyteri
758 2332 790 2388 et
821 2326 998 2405 Regulares.
1022 2322 1192 2405 Episcopus

233 2411 263 2467 in
286 2410 444 2469 itineribus
467 2427 570 2470 secum
586 2410 768 2486 quandoque
783 2408 925 2470 detulisse
947 2426 1032 2469 aram
1046 2409 1189 2467 viaticam

233 2490 403 2571 celebrandi
425 2491 547 2568 gratia,
570 2492 665 2567 liquet
686 2490 875 2566 potissimum
898 2489 1038 2567 exemplo
1059 2487 1092 2549 S.
1117 2487 1192 2549 Vul-

234 2571 344 2631 lramni
366 2569 506 2650 Episcopi
529 2570 727 2639 senonensis,
752 2572 803 2648 qui
825 2568 932 2631 Alteri
955 2579 1190 2636 consecratum,

235 2650 308 2709 dum
327 2654 387 2711 iter
408 2663 635 2729 operatiorem
660 2650 814 2731 afferebat,
832 2653 875 2713 uti
899 2651 1007 2727 legitur
1029 2652 1111 2727 apud
1126 2649 1194 2711 Ma·
1259 2648 1260 2733 l

234 2733 394 2794 billonium
417 2734 502 2795 Sacc.
527 2733 570 2794 lll
591 2732 748 2794 Benedici.
773 2737 852 2810 part.
875 2731 902 2792 Ι.
926 2732 1052 2793 Saeculo
1073 2732 1194 2793 decimu
1259 2740 1260 2813 ξ

233 2815 327 2877 tertio
347 2813 602 2875 Bonilaciuslllll
617 2814 692 2893 Cap.
713 2812 866 2889 Quoniam
888 2812 923 2873 de
935 2812 1106 2891 Precilcpiis
1122 2812 1190 2893 Epi·
1259 2846 1260 2885 3

237 2898 335 2975 scopis
355 2896 496 2955 omnibus
517 2896 675 2966 concessit,
695 2904 730 2955 ut
752 2893 855 2955 ,litore
872 2896 1112 2974 possintbabcre
1127 2899 1194 2957 oie·
1259 2896 1260 2903 ’

237 2978 354 3046 ticum,
378 2986 405 3037 et
424 2978 460 3036 in
480 2995 513 3036 eo
533 2979 678 3042 salcbrcrc
706 2995 740 3037 ce
769 2976 869 3053 secere
890 2976 1042 3037 celebrari.
1065 2976 1196 3056 Presbp-
1259 2970 1260 3001 ³

169 3065 171 3068 ’
238 3060 311 3121 teris
332 3076 453 3137 quoque
474 3076 548 3119 usus
563 3060 644 3119 Arae
664 3058 790 3119 viaticae
813 3053 1016 3135 abEpiscopis
1030 3058 1104 3118 olim
1120 3076 1195 3119 con·

238 3158 341 3201 cessus
363 3140 432 3206 init,
449 3140 529 3216 quod
550 3140 622 3201 lecit
641 3136 835 3199 Hincmarus.
855 3138 1052 3219 Regularibus
1068 3140 1193 3215 quibus·

239 3220 309 3279 dem
332 3222 522 3299 privilegium
534 3220 647 3281 Alianis
662 3221 808 3295 portatilis
830 3218 1139 3281 concessitllonorius
1150 3219 1196 3280 lll

238 3299 313 3376 Cap.
337 3302 378 3361 30
400 3302 503 3363 Extra
526 3302 561 3361 de
576 3300 757 3382 Priuilepiis.
783 3301 840 3361 Sed
862 3300 1042 3364 Tridentina
1058 3300 1197 3380 Synudus

127 3459 130 3464 ‚
234 3382 316 3449 sess.
341 3382 384 3443 22
405 3384 436 3441 in
465 3383 595 3445 Decreto
617 3382 652 3441 de
673 3379 912 3443 obsorbendis-rt
934 3380 1079 3445 cuitondis
1100 3386 1134 3443 in
1154 3400 1194 3443 ce·
1259 3414 1260 3423 κ

237 3465 406 3529 lebrotionc
423 3462 544 3534 Missae,
560 3462 717 3543 Episcopis
739 3462 879 3541 injunxit,
897 3483 938 3523 ne,
950 3466 1115 3541 potiantur
1126 3466 1197 3542 pri·
1259 3510 1260 3519 ,

234 3548 313 3612 aare
331 3547 368 3609 in
390 3544 537 3619 domibus,
556 3558 583 3605 et
606 3546 727 3605 ansuino
751 3554 838 3605 estro
854 3545 1019 3607 Ecclesiam
1037 3556 1064 3606 et
1086 3545 1128 3605 ccl
1149 3544 1197 3605 ‹li-
