2567 4042
477 222 681 293 *¹039st

106 350 159 410 bue
177 347 334 428 synodis,
357 356 390 411 et
410 349 684 412 Sanctis-Patribus
706 352 885 413 inculcatur.
909 350 1055 425 Quamvis

104 430 183 491 enim
217 435 353 507 quatuor
374 430 507 493 Minores
528 431 656 493 Ordines
687 439 772 494 extra
795 433 958 494 Missurum
980 436 1057 495 sole-

104 512 195 578 mnia,
214 514 269 572 sed
282 514 396 574 ⁴diebus
410 512 587 586 Dominicis,
611 521 643 576 st
665 508 761 575 Festis
783 514 913 575 conferri
928 515 1052 591 possint,

105 592 348 655 subdiaconatus
363 602 482 662 tamen,
498 596 588 657 sicuti
608 602 640 658 et
655 596 766 673 reliqui
780 594 913 673 Maiores
927 594 1056 658 Ordines

103 691 271 753 nunquam,
289 677 345 735 nisi
367 676 397 735 in
412 678 615 739 celebratione
628 676 740 738 Missae
762 678 800 737 ab
815 675 963 755 Episcopo
978 678 1055 739 tradi

102 758 214 817 valent.
237 757 302 819 Neo
323 758 433 818 desunt
454 760 610 830 rationes,
634 758 746 836 quibus
767 763 1000 821 consentaneum
1024 760 1055 819 id

102 855 166 899 esse
188 839 440 917 persuadeamur.
457 838 557 901 Primo
579 842 660 901 enim
683 841 713 899 in
736 841 859 917 antiqua
872 840 964 916 Lege,
982 858 1053 901 non·

101 920 158 980 nisi
178 938 252 981 cum
274 919 428 980 sacrificiis
443 920 643 984 Levitae-aut
664 920 841 983 Sacerdotes
863 922 1053 984 creabuntur.

100 1000 198 1063 Decet
217 1020 290 1080 erge
311 1002 454 1074 maxime,
473 1009 506 1064 ut
522 1002 721 1082 Evangelicae
744 1003 831 1082 Legis
845 1002 1054 1065 Sacerdotium

102 1099 136 1143 ac
156 1084 371 1150 Ministrorum
385 1081 544 1147 Ordinatio
558 1084 703 1146 Sacrificii
716 1085 911 1145 solemnitati.
930 1084 1055 1146 luterse

101 1173 196 1235 ratur,
221 1182 282 1240 qun
303 1170 335 1225 et
355 1165 506 1225 celebrior
526 1169 648 1233 eradat,
668 1172 699 1227 et
720 1165 914 1235 fructuosior,
933 1167 1055 1245 insuper

100 1261 209 1307 omnes
229 1245 361 1305 Ordines
382 1248 419 1307 ad
443 1247 629 1310 Sacrificium
652 1247 762 1309 Missae
783 1253 938 1325 tamquam
961 1247 998 1308 ad
1020 1247 1055 1308 u-

99 1344 169 1389 nem
191 1344 285 1401 suum
306 1330 339 1387 et
354 1335 479 1407 scopum
494 1330 680 1400 referuntur3
699 1330 835 1391 omnium
857 1330 937 1390 enim
953 1330 1052 1407 ipsum

100 1409 328 1471 consummatio·
343 1428 378 1470 ac
399 1409 546 1541 perivi
567 1417 624 1471 est.

419 1667 423 1673 Ι
472 1572 604 1663 cucur
624 1572 664 1633 n.
730 1609 732 1615 ·

102 1753 107 1762 ‘
142 1777 147 1782 -
181 1752 227 1797 DE
242 1752 370 1797 mallius
384 1751 416 1794 lli
431 1752 630 1797 COHJA'HONE
646 1747 811 1799 'SACRORUM
827 1750 971 1797 OlllthUH
997 1819 1001 1825 .
1051 1814 1055 1820 η

352 1832 356 1839 ’
476 1833 683 1878 oberraveris·
710 1826 714 1835 ⁸

123 1977 163 2038 .l.
188 1976 277 2040 luter
294 1996 397 2040 sacros
419 1979 496 2040 ritus
514 1980 546 2039 in
568 1980 758 2057 susceptione
772 1977 921 2041 Ordinum
944 1978 981 2038 ab
995 1974 1053 2037 Eu.

98 2060 191 2135 etesia
213 2062 444 2139 praescriptos,
467 2067 499 2121 et
520 2056 671 2144 flatos,
696 2064 887 2138 pervetustus
914 2059 963 2122 ille
978 2075 1055 2117 cen-

97 2143 154 2202 seri
184 2141 300 2219 debet,
325 2160 387 2219 quo
415 2142 435 2201 ii
457 2143 509 2219 qui
532 2160 601 2201 mor
620 2150 725 2203 essent
744 2141 925 2210 ordinandi,
950 2156 1053 2201 coram

96 2217 251 2301 Episcopo
273 2220 531 2301 genuflecterent,
555 2224 598 2283 ab
616 2242 713 2301 eoque
735 2222 928 2283 sanctissimis
950 2238 1055 2298 preca-

97 2304 233 2369 tionibus
255 2310 460 2365 sacrarentur.
484 2303 530 2365 lta
551 2322 625 2365 vero
648 2304 851 2374 necessariam
872 2301 1056 2363 Ordinandis

97 2384 253 2448 duxerunt
268 2384 519 2465 genuflexionem,
534 2387 650 2463 antiqui
671 2386 799 2451 Patres,
824 2389 859 2445 ut
879 2386 971 2446 etiam
994 2384 1055 2443 Ilo*

94 2468 218 2527 'minicia
230 2468 347 2529 diebus
365 2511 373 2539 ,
396 2485 431 2526 ac
453 2472 516 2527 toto
538 2464 676 2529 Pascbali
700 2475 844 2543 tempore,
869 2468 934 2543 quo
948 2466 980 2524 in
1002 2482 1054 2542 ge·

98 2566 157 2609 nna
180 2550 386 2625 procumbere
409 2548 492 2609 netas
513 2554 581 2608 erat
595 2561 608 2619 ,'
626 2550 877 2627 prohibitumque
899 2564 937 2607 er
958 2546 1055 2608 Can'n·

100 2648 136 2691 ue
158 2629 407 2700 XXNicneno,
431 2636 625 2707 suscepturos
645 2630 772 2691 Ordines
804 2629 958 2690 voluerint
980 2646 1054 2689 non·

99 2713 156 2774 nist
177 2710 388 2790 genuflexione
408 2712 532 2771 initiari.
556 2708 612 2771 Est
631 2705 715 2772 certe
739 2714 861 2786 insuper
884 2714 922 2771 et·
936 2712 1053 2788 priscus

98 2794 188 2865 ritus,
205 2801 241 2855 ut
262 2794 379 2856 nonnisi
400 2792 600 2868 orationibus,
618 2794 782 2871 multisque
804 2790 841 2851 nd
857 2790 962 2851 Deum·
976 2790 1053 2853 lusis

98 2876 243 2953 precsstus
264 2873 632 2944 Ordinatiocelebretur,
655 2871 795 2950 exemplo
815 2871 1049 2949 Apostolorum,

98 2957 294 3034 quipassim
312 2954 441 3023 (trames
463 2960 691 3024 memorantur,
714 2961 779 3017 tum
802 2955 832 3013 in
853 2954 1057 3019 Ordinatione-
1100 3029 1102 3032 .

98 3038 244 3106 Mdbiae,
261 3045 327 3107 bum
348 3043 464 3113 septem
486 3037 701 3115 Diaconorum,
718 3042 783 3097 tur'n
806 3036 935 3113 deniqne
962 3032 1057 3095 Pauli

99 3124 129 3179 et
145 3120 337 3186 ·‚Barnabae,
360 3119 406 3177 uti
438 3116 619 3188 indutibus
640 3116 823 3194 Apostolicis
854 3116 959 3192 nidere
982 3121 1028 3191 est
1043 3158 1066 3183 „
1146 3190 1148 3195 Ι
1203 3106 1210 3171 ’.

98 3196 313 3279 Capit-vles
326 3198 414 3268 Xlll.
427 3198 534 3260 Oratio
549 3204 606 3276 pro
620 3199 777 3259 collatione
791 3192 960 3274 Tonsurae,
971 3192 1058 3274 quae.

99 3282 225 3361 incipit:
253 3268 524 3361 Oremuc'trotces
542 3280 709 3349 ,carissimi
722 3280 885 3355 Dominum
915 3288 1051 3339 nostrum
1117 3322 1121 3329 .

94 3359 200 3425 ‘Iesum
218 3359 374 3427 Christum
392 3370 458 3440 pio·
472 3364 518 3442 tis
538 3359 665 3440 famatis
677 3360 739 3420 suis
751 3370 816 3421 'alaz
833 3360 970 3437 exceptis
987 3360 1053 3436 pri-
1115 3410 1118 3415 .

99 3447 155 3506 mis
175 3444 360 3513 sersiculis,
383 3447 467 3504 extat
495 3451 560 3505 tum
582 3443 613 3506 in
633 3442 757 3518 antiquo
779 3442 916 3503 Romano
933 3440 1055 3505 ,Ordine

100 3524 181 3604 apud
194 3520 398 3603 liittorpium,
413 3524 515 3585 Titule
533 3525 590 3600 qui·
606 3524 794 3597 inscribitur:
815 3520 922 3583 Oratio
943 3521 985 3595 qd
1000 3538 1050 3579 cu·

98 3608 277 3687 piltoturunt
297 3605 504 3677 incidendum,
529 3604 700 3667 ubilusidr
722 3605 838 3682 legitur·
854 3601 1051 3663 conterendae
