2567 4042
489 215 713 290 matoes·

127 350 163 407 in
184 348 268 408 hisce
292 348 481 409 orationibus·
495 347 562 408 orat
582 348 681 409 Deum
703 345 891 427 Episcopus,
916 358 949 411 ut
975 350 1074 411 Abba-

130 430 206 489 tissa
226 428 401 491 blcnialium
423 430 566 491 familiam
589 429 643 489 sibi
661 430 806 491 creditam
818 433 965 509 exemplo
994 435 1073 495 vitae

129 525 166 571 ac
185 512 333 572 bonorum
349 530 475 591 operum
491 514 629 572 instruat:
648 512 687 572 ln
704 514 848 584 omnibus,
864 514 959 589 inquit
973 512 1004 575 S.
1021 514 1073 577 Ce·
1110 546 1114 557 v

129 594 227 654 sarius
249 593 279 653 in
298 590 436 671 Epistola
458 596 496 655 ad
515 592 686 654 Oratoriam
708 592 909 663 Abbatissam,
928 596 1020 657 relata
1043 598 1073 657 in

119 675 363 753 Aquisgranenst
379 675 499 755 Synodo
513 676 581 737 anni
592 673 764 737 DCCCXVI
779 672 868 737 Libro
884 675 913 737 ll
927 676 999 756 Cap.
1015 678 1071 740 Vll

123 762 217 838 jacto
239 755 435 838 Apostolum,
459 760 640 839 temetipsam
659 760 765 834 praebe
794 761 960 841 cuempiam
986 762 1073 820 bono-

127 857 197 899 rem
219 857 358 920 opercm3
378 843 499 920 citoque
514 850 598 909 flua,
622 841 704 900 octat
718 847 884 920 pennatum
900 842 1015 901 animal
1032 842 1073 901 cd

122 922 224 981 *atram
245 939 358 1000 semper
378 939 432 999 per
453 920 632 981 desiderium
655 922 752 991 evolet,
773 939 831 1001 per
851 924 971 995 corbum
994 932 1071 985 reso·

125 1012 188 1071 raet,
211 1003 308 1065 luceat
325 1020 381 1080 por
402 1004 581 1083 exemplum.

167 1083 223 1144 111.
247 1084 393 1164 Regulam
415 1084 589 1146 Abbatissae
619 1084 649 1143 in
671 1102 724 1145 sua
747 1084 951 1147 benedictione
978 1075 1070 1149 tradi-

127 1170 199 1234 tam,
226 1181 284 1226 non
307 1167 396 1225 modo
410 1168 604 1236 recentiores,
620 1166 725 1227 sedet
746 1168 912 1243 pervetusti
927 1167 1008 1229 Libri
1022 1169 1071 1233 Ri-

126 1248 224 1308 tuales
247 1246 365 1308 docent.
388 1248 422 1308 ln
443 1248 595 1328 plerisque
616 1248 701 1308 libris
723 1250 932 1327 manuscriptis
949 1247 1069 1311 Pontifi-

126 1330 265 1397 catinus,
288 1337 323 1391 ut
343 1328 510 1391 Arelatensi
533 1335 566 1391 et
587 1328 774 1399 senonensi,
805 1332 976 1392 immediate
1004 1340 1071 1410 post

124 1412 249 1491 regulae
264 1411 537 1484 traditionem,dari
553 1412 644 1473 etiarn
655 1409 801 1472 Baculum
814 1412 1072 1475 Abbatissae'con:

124 1494 256 1555 suevisse
279 1499 405 1555 constat.
428 1492 550 1555 Praeter
573 1490 678 1554 allatos
692 1490 900 1565 ,Pontificales
917 1512 985 1556 usas
1006 1497 1070 1575 J'am
1182 1546 1183 1549 ,

125 1574 196 1657 olim
217 1572 311 1636 luisse
332 1576 507 1636 Abbatissas
529 1574 659 1645 BaculiS,
683 1574 746 1635 sive
767 1595 804 1637 ex
826 1578 922 1638 veteri
945 1579 1071 1639 consue·

67 1650 77 1667 ⁸
111 1653 237 1727 tudine,
261 1659 325 1719 sive
345 1673 384 1718 ex
405 1657 560 1737 privilegio
582 1655 770 1736 Apostolicae
793 1658 896 1727 Sedis,
920 1662 1067 1721 testantur

123 1755 183 1799 non
206 1740 298 1799 semel
322 1740 490 1818 Scriptores
503 1738 718 1801 Ecclesiastici.
743 1740 827 1814 Quod
850 1747 964 1819 spectat
978 1741 1069 1803 ritum

123 1820 278 1881 osculandi
299 1832 422 1882 manum
444 1820 605 1899 Episcopi,
629 1822 700 1881 cu'm
722 1822 778 1900 ipsi
801 1824 891 1884 tradit
911 1822 1068 1886 Abbatissa

123 1902 247 1973 cereos,
270 1910 396 1964 nonest
417 1902 496 1981 quod
518 1904 661 1981 sugillare
683 1904 776 1980 possit
795 1905 965 1982 quispiam,
988 1906 1069 1966 licita

122 1984 346 2047 enimiemlnis
371 1984 458 2046 luere
480 2002 600 2062 semper
620 2002 766 2043 manuum
793 2002 947 2049 sacrarum
970 1985 1068 2047 oscula

121 2064 163 2127 ex‘
182 2068 351 2128 testimonio
370 2066 465 2143 'atoue
492 2068 641 2144 exemplo,
660 2066 836 2127 Sanctorum
863 2067 1070 2129 Patrumaiu-

122 2151 174 2208 xta
205 2149 297 2211 ritum
319 2147 500 2209 Pontificalis
521 2148 674 2209 Ecclesiae
696 2145 878 2210 Arelatensis
909 2148 939 2208 in
961 2147 1068 2209 eodi-

123 2228 488 2308 tulo,'qui·iuscribitur:
518 2228 597 2293 Ordo
619 2230 659 2290 nd
681 2226 863 2307 Abbotissarn
883 2230 1067 2311 sementiam,

122 2318 191 2387 post
212 2312 401 2373 traditionem
423 2312 558 2389 Regulae
580 2319 612 2373 et
631 2310 744 2379 Baculi,
761 2312 927 2391 Episcopus
949 2312 1068 2391 incipie-

122 2393 193 2452 bat:
219 2390 258 2454 Tc
279 2395 377 2454 Deum
398 2389 584 2463 lcudcmusr
600 2393 808 2471 statuebatque
830 2412 897 2455 eam
918 2396 946 2456 iu
969 2395 1068 2455 statio·

120 2487 177 2543 ne,
200 2475 248 2535 vel
271 2476 352 2547 loco,¹
366 2474 416 2551 qui
433 2474 612 2537 Abbatissae
635 2476 665 2535 in
679 2472 781 2557 Cboro
807 2476 1066 2555 deputatus-erat,

120 2556 257 2617 dicendo:
282 2556 338 2618 Sto
358 2556 392 2614 io
408 2559 545 2638 justitio,
565 2567 593 2616 ct
614 2556 790 2637 sanctitate·
806 2569 833 2619 ct
853 2561 950 2620 retine
971 2559 1067 2621 locum

120 2658 142 2696 c
156 2636 217 2697 Deo
238 2638 292 2700 tibi
314 2637 497 2714 detrectem·
508 2647 610 2715 potens
633 2649 675 2701 cst
696 2642 775 2700 caim
795 2640 886 2711 Deus,
906 2651 942 2701 ut
956 2648 1064 2719 capeat

120 2720 187 2797 tibi·
199 2721 344 2798 pretium.
360 2718 445 2780 Cum·
459 2736 533 2781 vero
554 2720 591 2781 ad
614 2721 779 2781 secundnm
799 2738 920 2782 versum
940 2726 1064 2783 tentam

117 2802 235 2872 luerat,
258 2802 310 2861 ubi
331 2800 470 2873 dicimus,
499 2798 535 2860 Ta
558 2812 712 2862 aetornum
728 2800 867 2872 Patrem,
892 2804 1068 2883 incipiebant

122 2900 191 2943 eam
216 2884 345 2943 osculari
367 2882 491 2944 Sorores
510 2880 777 2960 Congregaoonis,
806 2890 837 2945 et
865 2885 984 2965 quidem
1012 2900 1066 2963 per

119 2965 288 3033 ordinem,
311 2970 446 3041 petentes
468 2968 647 3048 reverenter
664 2966 794 3027 reniam.
851 2988 853 2991 ·

496 3086 627 3172 curun
644 3106 688 3172 x.

204 3227 240 3241 ”
311 3250 353 3293 mr
375 3217 606 3295 nennuicrronu
626 3248 732 3307 uorsa
756 3250 870 3295 canois.

161 3367 186 3428 l.
211 3366 259 3427 Ab
281 3368 364 3428 initio
388 3332 535 3428 nascentis
555 3365 709 3430 Ecclesiae
725 3367 764 3450 (1)
780 3368 889 3432 nedum
906 3338 1018 3431 Crucis
1030 3372 1068 3431 sis

116 3450 259 3527 gnatione
280 3466 351 3510 usos
372 3444 554 3511 Christianos
573 3450 677 3523 luisse,
702 3450 753 3511 sed
778 3456 809 3513 et
828 3448 934 3514 Crucis
955 3450 1063 3530 Imagi-

130 3570 134 3573 ’
153 3564 190 3627 tl)
207 3560 272 3616 tide
285 3555 354 3629 opu's
367 3572 486 3615 nostrum
499 3563 541 3614 cui
553 3550 658 3633 titulus-i
669 3552 1058 3635 antiquitarcm'ctruucau

117 3646 181 3683 rum
194 3631 391 3695 destitutiones,
402 3635 435 3684 Τ.
449 3634 473 3682 ll
485 3631 544 3687 Lib.
556 3634 591 3684 lx
602 3632 719 3699 crp'tv.
788 3660 791 3666 ·
1016 3640 1019 3646 ’
