<?xml version="1.0" encoding="UTF-8"?>
<!DOCTYPE html PUBLIC "-//W3C//DTD XHTML 1.0 Transitional//EN"
    "http://www.w3.org/TR/xhtml1/DTD/xhtml1-transitional.dtd">
<html xmlns="http://www.w3.org/1999/xhtml" xml:lang="en" lang="en">
 <head>
  <title>
</title>
<meta http-equiv="Content-Type" content="text/html;charset=utf-8" />
  <meta name='ocr-system' content='tesseract 3.04.00' />
  <meta name='ocr-capabilities' content='ocr_page ocr_carea ocr_par ocr_line ocrx_word'/>
</head>
<body>
  <div class='ocr_page' id='page_1' title='image "./institutionesli01marigoog_0309.png"; bbox 0 0 2567 4042; ppageno 0'>
   <div class='ocr_carea' id='block_1_1' title="bbox 507 201 732 273">
    <p class='ocr_par' dir='ltr' id='par_1_1' title="bbox 507 201 732 273">
     <span class='ocr_line' id='line_1_1' title="bbox 507 201 732 273; baseline -0.004 0"><span class='ocrx_word' id='word_1_1' title='bbox 507 201 649 273; x_wconf 38' lang='lat'><strong>&amp;3⁰7</strong></span> <span class='ocrx_word' id='word_1_2' title='bbox 671 211 732 272; x_wconf 70' lang='lat' dir='ltr'><strong>sss»</strong></span> 
     </span>
    </p>
   </div>
   <div class='ocr_carea' id='block_1_2' title="bbox 128 329 1100 1396">
    <p class='ocr_par' dir='ltr' id='par_1_2' title="bbox 128 329 1100 1396">
     <span class='ocr_line' id='line_1_2' title="bbox 139 329 1100 411; baseline 0.002 -19"><span class='ocrx_word' id='word_1_3' title='bbox 139 331 183 394; x_wconf 88' lang='lat' dir='ltr'><strong>lta</strong></span> <span class='ocrx_word' id='word_1_4' title='bbox 206 329 394 399; x_wconf 77' lang='lat' dir='ltr'><strong>sirmondus,</strong></span> <span class='ocrx_word' id='word_1_5' title='bbox 416 329 607 400; x_wconf 84' lang='lat' dir='ltr'><strong>Sambovius,</strong></span> <span class='ocrx_word' id='word_1_6' title='bbox 631 338 663 392; x_wconf 92' lang='lat' dir='ltr'><strong>ct</strong></span> <span class='ocrx_word' id='word_1_7' title='bbox 677 331 827 392; x_wconf 81' lang='lat' dir='ltr'><strong>Morinos.</strong></span> <span class='ocrx_word' id='word_1_8' title='bbox 846 333 955 393; x_wconf 81' lang='lat' dir='ltr'><strong>Contra</strong></span> <span class='ocrx_word' id='word_1_9' title='bbox 978 336 1029 411; x_wconf 83' lang='lat' dir='ltr'><strong>qui</strong></span> <span class='ocrx_word' id='word_1_10' title='bbox 1044 352 1100 410; x_wconf 89' lang='lat' dir='ltr'><strong>pro</strong></span> 
     </span>
     <span class='ocr_line' id='line_1_3' title="bbox 139 405 1099 494; baseline 0.001 -19"><span class='ocrx_word' id='word_1_11' title='bbox 139 415 266 474; x_wconf 86' lang='lat' dir='ltr'><strong>materia</strong></span> <span class='ocrx_word' id='word_1_12' title='bbox 289 413 472 474; x_wconf 86' lang='lat' dir='ltr'><strong>constituunt</strong></span> <span class='ocrx_word' id='word_1_13' title='bbox 494 412 634 475; x_wconf 84' lang='lat' dir='ltr'><strong>Chrismn</strong></span> <span class='ocrx_word' id='word_1_14' title='bbox 662 405 791 474; x_wconf 86' lang='lat' dir='ltr'><strong>lormarir</strong></span> <span class='ocrx_word' id='word_1_15' title='bbox 821 434 887 475; x_wconf 89' lang='lat' dir='ltr'><strong>esse</strong></span> <span class='ocrx_word' id='word_1_16' title='bbox 916 415 1004 494; x_wconf 83' lang='lat' dir='ltr'><strong>ajunt</strong></span> <span class='ocrx_word' id='word_1_17' title='bbox 1030 433 1099 476; x_wconf 87' lang='lat' dir='ltr'><strong>ver-</strong></span> 
     </span>
     <span class='ocr_line' id='line_1_4' title="bbox 139 492 1099 578; baseline 0.002 -22"><span class='ocrx_word' id='word_1_18' title='bbox 139 497 188 566; x_wconf 92' lang='lat' dir='ltr'><strong>ba,</strong></span> <span class='ocrx_word' id='word_1_19' title='bbox 214 512 290 571; x_wconf 86' lang='lat' dir='ltr'><strong>quae</strong></span> <span class='ocrx_word' id='word_1_20' title='bbox 305 492 472 578; x_wconf 73' lang='lat' dir='ltr'>Episcopus</span> <span class='ocrx_word' id='word_1_21' title='bbox 495 496 637 572; x_wconf 78' lang='lat' dir='ltr'><strong>inungens</strong></span> <span class='ocrx_word' id='word_1_22' title='bbox 660 496 786 573; x_wconf 78' lang='lat' dir='ltr'><strong>profert.</strong></span> <span class='ocrx_word' id='word_1_23' title='bbox 810 497 868 568; x_wconf 79' lang='lat' dir='ltr'><strong>Qui</strong></span> <span class='ocrx_word' id='word_1_24' title='bbox 892 499 1010 557; x_wconf 84' lang='lat' dir='ltr'><strong>tandem</strong></span> <span class='ocrx_word' id='word_1_25' title='bbox 1036 515 1099 558; x_wconf 85' lang='lat' dir='ltr'><strong>ma·</strong></span> 
     </span>
     <span class='ocr_line' id='line_1_5' title="bbox 140 576 1096 656; baseline 0.002 -18"><span class='ocrx_word' id='word_1_26' title='bbox 140 579 247 650; x_wconf 85' lang='lat' dir='ltr'><strong>teriam</strong></span> <span class='ocrx_word' id='word_1_27' title='bbox 278 578 306 634; x_wconf 95' lang='lat' dir='ltr'><strong>in</strong></span> <span class='ocrx_word' id='word_1_28' title='bbox 330 594 474 637; x_wconf 88' lang='lat' dir='ltr'><strong>manuum</strong></span> <span class='ocrx_word' id='word_1_29' title='bbox 497 577 685 656; x_wconf 75' lang='lat' dir='ltr'><strong>impositione</strong></span> <span class='ocrx_word' id='word_1_30' title='bbox 710 583 740 638; x_wconf 87' lang='lat' dir='ltr'><strong>ct</strong></span> <span class='ocrx_word' id='word_1_31' title='bbox 759 576 934 641; x_wconf 78' lang='lat' dir='ltr'><strong>Cluismate</strong></span> <span class='ocrx_word' id='word_1_32' title='bbox 956 587 1096 656; x_wconf 89' lang='lat' dir='ltr'><strong>ponunt,</strong></span> 
     </span>
     <span class='ocr_line' id='line_1_6' title="bbox 139 660 1097 738; baseline 0.003 -20"><span class='ocrx_word' id='word_1_33' title='bbox 139 662 159 720; x_wconf 93' lang='lat' dir='ltr'><strong>ii</strong></span> <span class='ocrx_word' id='word_1_34' title='bbox 181 661 309 720; x_wconf 82' lang='lat' dir='ltr'><strong>formem</strong></span> <span class='ocrx_word' id='word_1_35' title='bbox 333 660 519 720; x_wconf 87' lang='lat' dir='ltr'><strong>constituunt</strong></span> <span class='ocrx_word' id='word_1_36' title='bbox 541 661 570 719; x_wconf 95' lang='lat' dir='ltr'><strong>in</strong></span> <span class='ocrx_word' id='word_1_37' title='bbox 593 661 728 720; x_wconf 85' lang='lat' dir='ltr'><strong>oratione</strong></span> <span class='ocrx_word' id='word_1_38' title='bbox 751 660 892 738; x_wconf 79' lang='lat' dir='ltr'><strong>Episcopi</strong></span> <span class='ocrx_word' id='word_1_39' title='bbox 914 680 1020 723; x_wconf 87' lang='lat' dir='ltr'><strong>manos</strong></span> <span class='ocrx_word' id='word_1_40' title='bbox 1043 663 1097 721; x_wconf 86' lang='lat' dir='ltr'><strong>iru-</strong></span> 
     </span>
     <span class='ocr_line' id='line_1_7' title="bbox 137 739 1096 820; baseline -0.001 -17"><span class='ocrx_word' id='word_1_41' title='bbox 137 742 284 820; x_wconf 88' lang='lat' dir='ltr'><strong>poncntis,</strong></span> <span class='ocrx_word' id='word_1_42' title='bbox 296 746 328 802; x_wconf 91' lang='lat' dir='ltr'><strong>et</strong></span> <span class='ocrx_word' id='word_1_43' title='bbox 343 740 442 799; x_wconf 81' lang='lat' dir='ltr'><strong>vorbis</strong></span> <span class='ocrx_word' id='word_1_44' title='bbox 463 740 493 800; x_wconf 91' lang='lat' dir='ltr'><strong>in</strong></span> <span class='ocrx_word' id='word_1_45' title='bbox 506 739 686 802; x_wconf 88' lang='lat' dir='ltr'><strong>Chrismatis</strong></span> <span class='ocrx_word' id='word_1_46' title='bbox 699 744 840 802; x_wconf 89' lang='lat' dir='ltr'><strong>unctione</strong></span> <span class='ocrx_word' id='word_1_47' title='bbox 854 745 986 820; x_wconf 89' lang='lat' dir='ltr'><strong>prolatis.</strong></span> <span class='ocrx_word' id='word_1_48' title='bbox 1010 742 1096 803; x_wconf 87' lang='lat' dir='ltr'><strong>Nunc</strong></span> 
     </span>
     <span class='ocr_line' id='line_1_8' title="bbox 139 820 1095 902; baseline 0.002 -16"><span class='ocrx_word' id='word_1_49' title='bbox 139 824 220 902; x_wconf 83' lang='lat' dir='ltr'><strong>apud</strong></span> <span class='ocrx_word' id='word_1_50' title='bbox 233 821 352 883; x_wconf 83' lang='lat' dir='ltr'><strong>Latinos</strong></span> <span class='ocrx_word' id='word_1_51' title='bbox 363 820 606 884; x_wconf 82' lang='lat' dir='ltr'><strong>Confirmationis</strong></span> <span class='ocrx_word' id='word_1_52' title='bbox 620 825 718 884; x_wconf 88' lang='lat' dir='ltr'><strong>lorma</strong></span> <span class='ocrx_word' id='word_1_53' title='bbox 734 829 804 883; x_wconf 88' lang='lat' dir='ltr'><strong>sunt</strong></span> <span class='ocrx_word' id='word_1_54' title='bbox 816 826 975 886; x_wconf 83' lang='lat' dir='ltr'><strong>indicativa</strong></span> <span class='ocrx_word' id='word_1_55' title='bbox 991 825 1095 889; x_wconf 86' lang='lat' dir='ltr'><strong>verba.</strong></span> 
     </span>
     <span class='ocr_line' id='line_1_9' title="bbox 129 904 1098 985; baseline 0 -21"><span class='ocrx_word' id='word_1_56' title='bbox 129 924 218 981; x_wconf 75' lang='lat' dir='ltr'><strong>onae</strong></span> <span class='ocrx_word' id='word_1_57' title='bbox 240 904 412 964; x_wconf 88' lang='lat' dir='ltr'><strong>chrismatis</strong></span> <span class='ocrx_word' id='word_1_58' title='bbox 433 908 603 965; x_wconf 86' lang='lat' dir='ltr'><strong>unctionem</strong></span> <span class='ocrx_word' id='word_1_59' title='bbox 624 907 832 968; x_wconf 83' lang='lat' dir='ltr'><strong>comitantur:</strong></span> <span class='ocrx_word' id='word_1_60' title='bbox 856 908 992 985; x_wconf 73' lang='lat' dir='ltr'><strong>Sipnoic</strong></span> <span class='ocrx_word' id='word_1_61' title='bbox 1014 908 1098 985; x_wconf 79' lang='lat' dir='ltr'><strong>sipon</strong></span> 
     </span>
     <span class='ocr_line' id='line_1_10' title="bbox 130 986 1095 1066; baseline 0.001 -20"><span class='ocrx_word' id='word_1_62' title='bbox 130 987 261 1053; x_wconf 73' lang='lat' dir='ltr'><strong>,Crucis</strong></span> <span class='ocrx_word' id='word_1_63' title='bbox 287 998 314 1048; x_wconf 87' lang='lat' dir='ltr'><strong>ct</strong></span> <span class='ocrx_word' id='word_1_64' title='bbox 337 986 477 1066; x_wconf 76' lang='lat' dir='ltr'><strong>confirmo</strong></span> <span class='ocrx_word' id='word_1_65' title='bbox 501 998 528 1049; x_wconf 87' lang='lat' dir='ltr'><strong>tc</strong></span> <span class='ocrx_word' id='word_1_66' title='bbox 551 989 714 1048; x_wconf 79' lang='lat' dir='ltr'><strong>chrismate</strong></span> <span class='ocrx_word' id='word_1_67' title='bbox 736 989 937 1062; x_wconf 62' lang='lat' dir='ltr'><strong>currictico</strong></span> <span class='ocrx_word' id='word_1_68' title='bbox 957 997 1095 1066; x_wconf 87' lang='lat' dir='ltr'><strong>tempore</strong></span> 
     </span>
     <span class='ocr_line' id='line_1_11' title="bbox 128 1067 1095 1145; baseline -0.001 -14"><span class='ocrx_word' id='word_1_69' title='bbox 128 1089 176 1131; x_wconf 85' lang='lat' dir='ltr'><strong>ea</strong></span> <span class='ocrx_word' id='word_1_70' title='bbox 198 1069 296 1128; x_wconf 87' lang='lat' dir='ltr'><strong>Latini</strong></span> <span class='ocrx_word' id='word_1_71' title='bbox 317 1069 360 1129; x_wconf 88' lang='lat' dir='ltr'><strong>uli</strong></span> <span class='ocrx_word' id='word_1_72' title='bbox 383 1070 548 1145; x_wconf 82' lang='lat' dir='ltr'><strong>coeperint,</strong></span> <span class='ocrx_word' id='word_1_73' title='bbox 574 1087 629 1128; x_wconf 90' lang='lat' dir='ltr'><strong>non</strong></span> <span class='ocrx_word' id='word_1_74' title='bbox 655 1070 759 1145; x_wconf 86' lang='lat' dir='ltr'><strong>liquet.</strong></span> <span class='ocrx_word' id='word_1_75' title='bbox 777 1067 858 1129; x_wconf 86' lang='lat' dir='ltr'><strong>Olim</strong></span> <span class='ocrx_word' id='word_1_76' title='bbox 882 1073 955 1132; x_wconf 87' lang='lat' dir='ltr'><strong>baec</strong></span> <span class='ocrx_word' id='word_1_77' title='bbox 979 1078 1095 1131; x_wconf 87' lang='lat' dir='ltr'><strong>tanturn</strong></span> 
     </span>
     <span class='ocr_line' id='line_1_12' title="bbox 139 1149 1098 1231; baseline -0.001 -19"><span class='ocrx_word' id='word_1_78' title='bbox 139 1151 233 1213; x_wconf 84' lang='lat' dir='ltr'><strong>verba</strong></span> <span class='ocrx_word' id='word_1_79' title='bbox 256 1150 453 1220; x_wconf 71' lang='lat' dir='ltr'><strong>dicebantur:</strong></span> <span class='ocrx_word' id='word_1_80' title='bbox 478 1150 517 1210; x_wconf 94' lang='lat' dir='ltr'><strong>1n</strong></span> <span class='ocrx_word' id='word_1_81' title='bbox 538 1152 658 1212; x_wconf 82' lang='lat' dir='ltr'><strong>nominc</strong></span> <span class='ocrx_word' id='word_1_82' title='bbox 682 1149 807 1219; x_wconf 77' lang='lat' dir='ltr'><strong>Patris,</strong></span> <span class='ocrx_word' id='word_1_83' title='bbox 834 1162 862 1210; x_wconf 86' lang='lat' dir='ltr'><strong>st</strong></span> <span class='ocrx_word' id='word_1_84' title='bbox 882 1151 958 1214; x_wconf 76' lang='lat' dir='ltr'><strong>iuris</strong></span> <span class='ocrx_word' id='word_1_85' title='bbox 981 1164 1009 1213; x_wconf 83' lang='lat' dir='ltr'><strong>st</strong></span> <span class='ocrx_word' id='word_1_86' title='bbox 1031 1152 1098 1231; x_wconf 82' lang='lat' dir='ltr'><strong>Spi-</strong></span> 
     </span>
     <span class='ocr_line' id='line_1_13' title="bbox 141 1230 1100 1312; baseline 0.001 -20"><span class='ocrx_word' id='word_1_87' title='bbox 141 1237 218 1295; x_wconf 82' lang='lat' dir='ltr'><strong>ritns</strong></span> <span class='ocrx_word' id='word_1_88' title='bbox 240 1232 355 1300; x_wconf 79' lang='lat' dir='ltr'><strong>Sancti,</strong></span> <span class='ocrx_word' id='word_1_89' title='bbox 381 1230 451 1291; x_wconf 74' lang='lat' dir='ltr'><strong>Pon</strong></span> <span class='ocrx_word' id='word_1_90' title='bbox 474 1235 544 1298; x_wconf 77' lang='lat' dir='ltr'><strong>tibi,</strong></span> <span class='ocrx_word' id='word_1_91' title='bbox 569 1235 611 1306; x_wconf 86' lang='lat' dir='ltr'><strong>pti</strong></span> <span class='ocrx_word' id='word_1_92' title='bbox 636 1241 670 1294; x_wconf 86' lang='lat' dir='ltr'><strong>ut</strong></span> <span class='ocrx_word' id='word_1_93' title='bbox 691 1235 793 1293; x_wconf 88' lang='lat' dir='ltr'><strong>videre</strong></span> <span class='ocrx_word' id='word_1_94' title='bbox 815 1241 862 1294; x_wconf 87' lang='lat' dir='ltr'><strong>est</strong></span> <span class='ocrx_word' id='word_1_95' title='bbox 882 1238 961 1312; x_wconf 87' lang='lat' dir='ltr'><strong>apud</strong></span> <span class='ocrx_word' id='word_1_96' title='bbox 977 1235 1100 1294; x_wconf 84' lang='lat' dir='ltr'><strong>Amala-</strong></span> 
     </span>
     <span class='ocr_line' id='line_1_14' title="bbox 129 1311 1098 1396; baseline -0.001 -20"><span class='ocrx_word' id='word_1_97' title='bbox 129 1317 218 1378; x_wconf 89' lang='lat' dir='ltr'><strong>·rium</strong></span> <span class='ocrx_word' id='word_1_98' title='bbox 243 1314 334 1375; x_wconf 87' lang='lat' dir='ltr'><strong>Libro</strong></span> <span class='ocrx_word' id='word_1_99' title='bbox 356 1313 370 1374; x_wconf 99' lang='lat' dir='ltr'><strong>l</strong></span> <span class='ocrx_word' id='word_1_100' title='bbox 392 1312 426 1371; x_wconf 79' lang='lat' dir='ltr'><strong>cle</strong></span> <span class='ocrx_word' id='word_1_101' title='bbox 453 1311 563 1396; x_wconf 76' lang='lat' dir='ltr'><strong>Officiis</strong></span> <span class='ocrx_word' id='word_1_102' title='bbox 585 1312 804 1376; x_wconf 58' lang='lat' dir='ltr'><strong>Ecclesiastico</strong></span> <span class='ocrx_word' id='word_1_103' title='bbox 825 1316 899 1393; x_wconf 85' lang='lat' dir='ltr'><strong>Cap.</strong></span> <span class='ocrx_word' id='word_1_104' title='bbox 918 1317 945 1377; x_wconf 97' lang='lat' dir='ltr'><strong>ll</strong></span> <span class='ocrx_word' id='word_1_105' title='bbox 960 1325 999 1376; x_wconf 84' lang='lat' dir='ltr'><strong>ct</strong></span> <span class='ocrx_word' id='word_1_106' title='bbox 1018 1317 1098 1392; x_wconf 88' lang='lat' dir='ltr'><strong>apud</strong></span> 
     </span>
    </p>
   </div>
   <div class='ocr_carea' id='block_1_3' title="bbox 22 1392 1098 1478">
    <p class='ocr_par' dir='ltr' id='par_1_3' title="bbox 22 1392 1098 1478">
     <span class='ocr_line' id='line_1_15' title="bbox 22 1392 1098 1478; baseline -0.001 -22"><span class='ocrx_word' id='word_1_107' title='bbox 22 1392 27 1398; x_wconf 78' lang='grc'><strong>’</strong></span> <span class='ocrx_word' id='word_1_108' title='bbox 139 1399 294 1476; x_wconf 83' lang='lat' dir='ltr'><strong>vulgatum</strong></span> <span class='ocrx_word' id='word_1_109' title='bbox 318 1396 479 1456; x_wconf 81' lang='lat' dir='ltr'><strong>Alcuinum</strong></span> <span class='ocrx_word' id='word_1_110' title='bbox 502 1395 538 1454; x_wconf 86' lang='lat' dir='ltr'><strong>de</strong></span> <span class='ocrx_word' id='word_1_111' title='bbox 561 1393 682 1456; x_wconf 81' lang='lat' dir='ltr'><strong>Divinis</strong></span> <span class='ocrx_word' id='word_1_112' title='bbox 701 1395 813 1478; x_wconf 71' lang='lat' dir='ltr'><strong>Officiis</strong></span> <span class='ocrx_word' id='word_1_113' title='bbox 835 1397 897 1473; x_wconf 86' lang='lat' dir='ltr'><strong>Cap</strong></span> <span class='ocrx_word' id='word_1_114' title='bbox 920 1399 1098 1460; x_wconf 75' lang='lat' dir='ltr'><strong>desaltato</strong></span> 
     </span>
    </p>
   </div>
   <div class='ocr_carea' id='block_1_4' title="bbox 81 1473 1099 1802">
    <p class='ocr_par' dir='ltr' id='par_1_4' title="bbox 81 1473 1099 1802">
     <span class='ocr_line' id='line_1_16' title="bbox 139 1473 1099 1554; baseline -0.003 -13"><span class='ocrx_word' id='word_1_115' title='bbox 139 1480 257 1542; x_wconf 84' lang='lat' dir='ltr'><strong>Sancto.</strong></span> <span class='ocrx_word' id='word_1_116' title='bbox 292 1477 325 1538; x_wconf 93' lang='lat' dir='ltr'><strong>ln</strong></span> <span class='ocrx_word' id='word_1_117' title='bbox 349 1477 513 1538; x_wconf 72' lang='lat' dir='ltr'><strong>pontificali</strong></span> <span class='ocrx_word' id='word_1_118' title='bbox 536 1473 660 1554; x_wconf 79' lang='lat' dir='ltr'><strong>Egberti</strong></span> <span class='ocrx_word' id='word_1_119' title='bbox 682 1478 801 1540; x_wconf 87' lang='lat' dir='ltr'><strong>sacculo</strong></span> <span class='ocrx_word' id='word_1_120' title='bbox 826 1477 897 1538; x_wconf 83' lang='lat' dir='ltr'><strong>Vlll</strong></span> <span class='ocrx_word' id='word_1_121' title='bbox 929 1481 1099 1554; x_wconf 88' lang='lat' dir='ltr'><strong>conscripto</strong></span> 
     </span>
     <span class='ocr_line' id='line_1_17' title="bbox 129 1557 1098 1637; baseline -0.003 -15"><span class='ocrx_word' id='word_1_122' title='bbox 129 1563 214 1622; x_wconf 37' lang='lat' dir='ltr'><strong>*haec</strong></span> <span class='ocrx_word' id='word_1_123' title='bbox 246 1562 375 1622; x_wconf 84' lang='lat' dir='ltr'><strong>habetur</strong></span> <span class='ocrx_word' id='word_1_124' title='bbox 397 1559 516 1618; x_wconf 85' lang='lat' dir='ltr'><strong>lormn·</strong></span> <span class='ocrx_word' id='word_1_125' title='bbox 552 1557 659 1636; x_wconf 83' lang='lat' dir='ltr'><strong>Accipe</strong></span> <span class='ocrx_word' id='word_1_126' title='bbox 681 1563 798 1637; x_wconf 68' lang='lat' dir='ltr'><strong>sienem</strong></span> <span class='ocrx_word' id='word_1_127' title='bbox 831 1573 954 1620; x_wconf 82' lang='lat' dir='ltr'><strong>sanctos</strong></span> <span class='ocrx_word' id='word_1_128' title='bbox 989 1561 1098 1624; x_wconf 77' lang='lat' dir='ltr'><strong>Crucis</strong></span> 
     </span>
     <span class='ocr_line' id='line_1_18' title="bbox 81 1639 1096 1706; baseline -0.003 -3"><span class='ocrx_word' id='word_1_129' title='bbox 81 1697 85 1703; x_wconf 91' lang='lat'>.</span> <span class='ocrx_word' id='word_1_130' title='bbox 129 1645 298 1706; x_wconf 77' lang='lat' dir='ltr'><strong>chrismate</strong></span> <span class='ocrx_word' id='word_1_131' title='bbox 317 1642 426 1702; x_wconf 72' lang='lat' dir='ltr'><strong>&#39;scintis</strong></span> <span class='ocrx_word' id='word_1_132' title='bbox 448 1643 482 1700; x_wconf 81' lang='lat' dir='ltr'><strong>in</strong></span> <span class='ocrx_word' id='word_1_133' title='bbox 508 1641 630 1706; x_wconf 82' lang='lat' dir='ltr'><strong>Cliristo</strong></span> <span class='ocrx_word' id='word_1_134' title='bbox 653 1639 725 1702; x_wconf 83' lang='lat' dir='ltr'><strong>Jcsn</strong></span> <span class='ocrx_word' id='word_1_135' title='bbox 754 1645 790 1701; x_wconf 84' lang='lat' dir='ltr'><strong>in</strong></span> <span class='ocrx_word' id='word_1_136' title='bbox 812 1643 908 1702; x_wconf 79' lang='lat' dir='ltr'><strong>ciram</strong></span> <span class='ocrx_word' id='word_1_137' title='bbox 930 1654 1096 1704; x_wconf 83' lang='lat' dir='ltr'><strong>aeternnm.</strong></span> 
     </span>
     <span class='ocr_line' id='line_1_19' title="bbox 141 1721 1098 1802; baseline -0.004 -18"><span class='ocrx_word' id='word_1_138' title='bbox 141 1725 432 1786; x_wconf 67' lang='lat' dir='ltr'><strong>lnSncramentario</strong></span> <span class='ocrx_word' id='word_1_139' title='bbox 446 1721 604 1784; x_wconf 87' lang='lat' dir='ltr'><strong>Gelasiano</strong></span> <span class='ocrx_word' id='word_1_140' title='bbox 627 1725 755 1800; x_wconf 82' lang='lat' dir='ltr'><strong>legitur:</strong></span> <span class='ocrx_word' id='word_1_141' title='bbox 783 1721 913 1802; x_wconf 63' lang='lat' dir='ltr'><strong>&amp;onom</strong></span> <span class='ocrx_word' id='word_1_142' title='bbox 930 1726 1042 1788; x_wconf 73' lang='lat' dir='ltr'><strong>Christi</strong></span> <span class='ocrx_word' id='word_1_143' title='bbox 1062 1725 1098 1782; x_wconf 84' lang='lat' dir='ltr'><strong>in</strong></span> 
     </span>
    </p>
   </div>
   <div class='ocr_carea' id='block_1_5' title="bbox 18 1805 1095 1868">
    <p class='ocr_par' dir='ltr' id='par_1_5' title="bbox 18 1805 1095 1868">
     <span class='ocr_line' id='line_1_20' title="bbox 18 1805 1095 1868; baseline -0.005 0"><span class='ocrx_word' id='word_1_144' title='bbox 18 1825 26 1832; x_wconf 85' lang='lat'>·</span> <span class='ocrx_word' id='word_1_145' title='bbox 140 1809 233 1868; x_wconf 85' lang='lat' dir='ltr'><strong>uitam</strong></span> <span class='ocrx_word' id='word_1_146' title='bbox 253 1817 419 1866; x_wconf 81' lang='lat' dir='ltr'><strong>aeternnm.</strong></span> <span class='ocrx_word' id='word_1_147' title='bbox 439 1805 481 1864; x_wconf 88' lang='lat' dir='ltr'><strong>Dc</strong></span> <span class='ocrx_word' id='word_1_148' title='bbox 496 1805 594 1867; x_wconf 81' lang='lat' dir='ltr'><strong>torma</strong></span> <span class='ocrx_word' id='word_1_149' title='bbox 615 1806 803 1866; x_wconf 89' lang='lat' dir='ltr'><strong>Graecorum</strong></span> <span class='ocrx_word' id='word_1_150' title='bbox 826 1824 883 1865; x_wconf 90' lang='lat' dir='ltr'><strong>nou</strong></span> <span class='ocrx_word' id='word_1_151' title='bbox 905 1807 986 1868; x_wconf 85' lang='lat' dir='ltr'><strong>idern</strong></span> <span class='ocrx_word' id='word_1_152' title='bbox 1001 1807 1095 1866; x_wconf 92' lang='lat' dir='ltr'><strong>omni-</strong></span> 
     </span>
    </p>
   </div>
   <div class='ocr_carea' id='block_1_6' title="bbox 130 1887 1103 3523">
    <p class='ocr_par' dir='ltr' id='par_1_6' title="bbox 130 1887 1103 3523">
     <span class='ocr_line' id='line_1_21' title="bbox 141 1887 1096 1966; baseline -0.003 -18"><span class='ocrx_word' id='word_1_153' title='bbox 141 1891 208 1951; x_wconf 87' lang='lat' dir='ltr'><strong>bus.</strong></span> <span class='ocrx_word' id='word_1_154' title='bbox 233 1891 381 1956; x_wconf 82' lang='lat' dir='ltr'><strong>Morinos,</strong></span> <span class='ocrx_word' id='word_1_155' title='bbox 406 1887 595 1956; x_wconf 85' lang='lat' dir='ltr'><strong>Sambovius,</strong></span> <span class='ocrx_word' id='word_1_156' title='bbox 613 1889 726 1964; x_wconf 87' lang='lat' dir='ltr'><strong>aliique</strong></span> <span class='ocrx_word' id='word_1_157' title='bbox 746 1894 880 1957; x_wconf 83' lang='lat' dir='ltr'><strong>tuentur,</strong></span> <span class='ocrx_word' id='word_1_158' title='bbox 903 1890 983 1966; x_wconf 81' lang='lat' dir='ltr'><strong>apud</strong></span> <span class='ocrx_word' id='word_1_159' title='bbox 1006 1887 1096 1948; x_wconf 83' lang='lat' dir='ltr'><strong>Grae·</strong></span> 
     </span>
     <span class='ocr_line' id='line_1_22' title="bbox 140 1968 1099 2048; baseline -0.003 -16"><span class='ocrx_word' id='word_1_160' title='bbox 140 1990 190 2032; x_wconf 88' lang='lat' dir='ltr'><strong>cos</strong></span> <span class='ocrx_word' id='word_1_161' title='bbox 213 1968 453 2032; x_wconf 74' lang='lat' dir='ltr'><strong>confirmationis</strong></span> <span class='ocrx_word' id='word_1_162' title='bbox 470 1969 597 2031; x_wconf 80' lang='lat' dir='ltr'><strong>formam</strong></span> <span class='ocrx_word' id='word_1_163' title='bbox 614 1987 679 2029; x_wconf 84' lang='lat' dir='ltr'><strong>esse</strong></span> <span class='ocrx_word' id='word_1_164' title='bbox 702 1970 881 2038; x_wconf 85' lang='lat' dir='ltr'><strong>orationem,</strong></span> <span class='ocrx_word' id='word_1_165' title='bbox 904 1990 980 2048; x_wconf 84' lang='lat' dir='ltr'><strong>quac</strong></span> <span class='ocrx_word' id='word_1_166' title='bbox 1002 1972 1031 2030; x_wconf 92' lang='lat' dir='ltr'><strong>in</strong></span> <span class='ocrx_word' id='word_1_167' title='bbox 1046 1987 1099 2030; x_wconf 87' lang='lat' dir='ltr'><strong>eo-</strong></span> 
     </span>
     <span class='ocr_line' id='line_1_23' title="bbox 140 2050 1098 2130; baseline -0.001 -18"><span class='ocrx_word' id='word_1_168' title='bbox 140 2051 208 2114; x_wconf 69' lang='lat' dir='ltr'><strong>‘rum</strong></span> <span class='ocrx_word' id='word_1_169' title='bbox 233 2052 424 2130; x_wconf 81' lang='lat' dir='ltr'><strong>Euclrologiis</strong></span> <span class='ocrx_word' id='word_1_170' title='bbox 448 2052 595 2129; x_wconf 79' lang='lat' dir='ltr'><strong>neophyti</strong></span> <span class='ocrx_word' id='word_1_171' title='bbox 617 2052 984 2128; x_wconf 87' lang='lat' dir='ltr'><strong>unctionem&#39;praecerlit,</strong></span> <span class='ocrx_word' id='word_1_172' title='bbox 1008 2050 1098 2129; x_wconf 83' lang='lat' dir='ltr'><strong>cnjus</strong></span> 
     </span>
     <span class='ocr_line' id='line_1_24' title="bbox 142 2131 1097 2202; baseline -0.004 -8"><span class='ocrx_word' id='word_1_173' title='bbox 142 2137 276 2196; x_wconf 91' lang='lat' dir='ltr'><strong>initium:</strong></span> <span class='ocrx_word' id='word_1_174' title='bbox 300 2133 481 2194; x_wconf 76' lang='lat' dir='ltr'><strong>Benedictus</strong></span> <span class='ocrx_word' id='word_1_175' title='bbox 495 2153 522 2194; x_wconf 86' lang='lat' dir='ltr'><strong>cs</strong></span> <span class='ocrx_word' id='word_1_176' title='bbox 535 2133 673 2193; x_wconf 81' lang='lat' dir='ltr'><strong>Domine.</strong></span> <span class='ocrx_word' id='word_1_177' title='bbox 695 2131 980 2197; x_wconf 82' lang='lat' dir='ltr'><strong>Contra&#39;·Arcurlius.</strong></span> <span class='ocrx_word' id='word_1_178' title='bbox 1004 2133 1097 2202; x_wconf 85' lang='lat' dir='ltr'><strong>Goar,</strong></span> 
     </span>
     <span class='ocr_line' id='line_1_25' title="bbox 140 2213 1098 2290; baseline -0.003 -12"><span class='ocrx_word' id='word_1_179' title='bbox 140 2215 280 2288; x_wconf 78' lang='lat' dir='ltr'><strong>Habent,</strong></span> <span class='ocrx_word' id='word_1_180' title='bbox 304 2215 501 2285; x_wconf 84' lang='lat' dir='ltr'><strong>Holst&#39;enius‚</strong></span> <span class='ocrx_word' id='word_1_181' title='bbox 525 2213 859 2290; x_wconf 74' lang='lat' dir='ltr'><strong>aliique,¹l&#39;1raecnrunr</strong></span> <span class='ocrx_word' id='word_1_182' title='bbox 881 2214 1010 2275; x_wconf 80' lang='lat' dir='ltr'><strong>sormam</strong></span> <span class='ocrx_word' id='word_1_183' title='bbox 1031 2231 1098 2275; x_wconf 78' lang='lat' dir='ltr'><strong>esse</strong></span> 
     </span>
     <span class='ocr_line' id='line_1_26' title="bbox 130 2295 1099 2375; baseline -0.004 -15"><span class='ocrx_word' id='word_1_184' title='bbox 130 2303 277 2362; x_wconf 45' lang='lat' dir='ltr'><strong>*statuunt</strong></span> <span class='ocrx_word' id='word_1_185' title='bbox 290 2299 399 2359; x_wconf 84' lang='lat' dir='ltr'><strong>verba:</strong></span> <span class='ocrx_word' id='word_1_186' title='bbox 425 2297 621 2374; x_wconf 77' lang='lat' dir='ltr'><strong>Siqnncnlnm</strong></span> <span class='ocrx_word' id='word_1_187' title='bbox 645 2295 717 2355; x_wconf 86' lang='lat' dir='ltr'><strong>doni</strong></span> <span class='ocrx_word' id='word_1_188' title='bbox 733 2296 869 2375; x_wconf 76' lang='lat' dir='ltr'><strong>Spiritus</strong></span> <span class='ocrx_word' id='word_1_189' title='bbox 883 2298 997 2367; x_wconf 81' lang='lat' dir='ltr'><strong>Sancti,</strong></span> <span class='ocrx_word' id='word_1_190' title='bbox 1021 2313 1099 2373; x_wconf 79' lang='lat' dir='ltr'><strong>quae</strong></span> 
     </span>
     <span class='ocr_line' id='line_1_27' title="bbox 143 2378 1099 2457; baseline -0.004 -15"><span class='ocrx_word' id='word_1_191' title='bbox 143 2385 171 2442; x_wconf 91' lang='lat' dir='ltr'><strong>in</strong></span> <span class='ocrx_word' id='word_1_192' title='bbox 199 2398 304 2449; x_wconf 87' lang='lat' dir='ltr'><strong>eorum</strong></span> <span class='ocrx_word' id='word_1_193' title='bbox 327 2378 511 2456; x_wconf 85' lang='lat' dir='ltr'><strong>Euchologio</strong></span> <span class='ocrx_word' id='word_1_194' title='bbox 543 2379 704 2439; x_wconf 83' lang='lat' dir='ltr'><strong>habentur.</strong></span> <span class='ocrx_word' id='word_1_195' title='bbox 736 2379 986 2454; x_wconf 80' lang='lat' dir='ltr'><strong>Antiquissimum</strong></span> <span class='ocrx_word' id='word_1_196' title='bbox 1019 2378 1099 2457; x_wconf 91' lang='lat' dir='ltr'><strong>apud</strong></span> 
     </span>
     <span class='ocr_line' id='line_1_28' title="bbox 141 2459 1099 2538; baseline -0.001 -17"><span class='ocrx_word' id='word_1_197' title='bbox 141 2464 275 2526; x_wconf 84' lang='lat' dir='ltr'><strong>Graecos</strong></span> <span class='ocrx_word' id='word_1_198' title='bbox 290 2462 382 2524; x_wconf 86' lang='lat' dir='ltr'><strong>luisse</strong></span> <span class='ocrx_word' id='word_1_199' title='bbox 398 2459 487 2538; x_wconf 84' lang='lat' dir='ltr'><strong>hujus</strong></span> <span class='ocrx_word' id='word_1_200' title='bbox 509 2460 657 2522; x_wconf 84' lang='lat' dir='ltr'><strong>termulae</strong></span> <span class='ocrx_word' id='word_1_201' title='bbox 679 2479 778 2528; x_wconf 88' lang='lat' dir='ltr'><strong>usum,</strong></span> <span class='ocrx_word' id='word_1_202' title='bbox 803 2463 861 2521; x_wconf 90' lang='lat' dir='ltr'><strong>rite</strong></span> <span class='ocrx_word' id='word_1_203' title='bbox 873 2461 1038 2522; x_wconf 85' lang='lat' dir='ltr'><strong>adstruitur</strong></span> <span class='ocrx_word' id='word_1_204' title='bbox 1060 2477 1099 2521; x_wconf 85' lang='lat' dir='ltr'><strong>ex</strong></span> 
     </span>
     <span class='ocr_line' id='line_1_29' title="bbox 137 2541 1098 2625; baseline 0.001 -25"><span class='ocrx_word' id='word_1_205' title='bbox 137 2542 564 2625; x_wconf 65' lang='lat' dir='ltr'><strong>,CprilloHierosolymiiauo.</strong></span> <span class='ocrx_word' id='word_1_206' title='bbox 589 2542 635 2602; x_wconf 82' lang='lat' dir='ltr'><strong>Ad</strong></span> <span class='ocrx_word' id='word_1_207' title='bbox 659 2561 736 2603; x_wconf 82' lang='lat' dir='ltr'><strong>eam</strong></span> <span class='ocrx_word' id='word_1_208' title='bbox 750 2541 879 2602; x_wconf 73' lang='lat' dir='ltr'><strong>formem</strong></span> <span class='ocrx_word' id='word_1_209' title='bbox 901 2542 1032 2604; x_wconf 90' lang='lat' dir='ltr'><strong>multum</strong></span> <span class='ocrx_word' id='word_1_210' title='bbox 1052 2559 1098 2602; x_wconf 88' lang='lat' dir='ltr'><strong>ac·</strong></span> 
     </span>
     <span class='ocr_line' id='line_1_30' title="bbox 142 2623 1100 2702; baseline -0.005 -16"><span class='ocrx_word' id='word_1_211' title='bbox 142 2627 221 2688; x_wconf 86' lang='lat' dir='ltr'><strong>cedit</strong></span> <span class='ocrx_word' id='word_1_212' title='bbox 242 2645 277 2687; x_wconf 84' lang='lat' dir='ltr'><strong>ea</strong></span> <span class='ocrx_word' id='word_1_213' title='bbox 299 2645 377 2702; x_wconf 88' lang='lat' dir='ltr'><strong>quac</strong></span> <span class='ocrx_word' id='word_1_214' title='bbox 400 2629 482 2685; x_wconf 84' lang='lat' dir='ltr'><strong>extat</strong></span> <span class='ocrx_word' id='word_1_215' title='bbox 502 2626 532 2684; x_wconf 89' lang='lat' dir='ltr'><strong>in</strong></span> <span class='ocrx_word' id='word_1_216' title='bbox 555 2623 798 2695; x_wconf 77' lang='lat' dir='ltr'><strong>Sacrameutnrio</strong></span> <span class='ocrx_word' id='word_1_217' title='bbox 815 2624 994 2695; x_wconf 78' lang='lat' dir='ltr'><strong>Gelasiano,</strong></span> <span class='ocrx_word' id='word_1_218' title='bbox 1017 2629 1048 2685; x_wconf 90' lang='lat' dir='ltr'><strong>et</strong></span> <span class='ocrx_word' id='word_1_219' title='bbox 1061 2625 1100 2682; x_wconf 76' lang='lat' dir='ltr'><strong>&#39;ln</strong></span> 
     </span>
     <span class='ocr_line' id='line_1_31' title="bbox 132 2707 1098 2786; baseline -0.005 -16"><span class='ocrx_word' id='word_1_220' title='bbox 132 2710 371 2786; x_wconf 59' lang='lat' dir='ltr'><strong>antiquioribus*</strong></span> <span class='ocrx_word' id='word_1_221' title='bbox 388 2708 653 2768; x_wconf 77' lang='lat' dir='ltr'><strong>sacramentorum</strong></span> <span class='ocrx_word' id='word_1_222' title='bbox 680 2707 789 2767; x_wconf 83' lang='lat' dir='ltr'><strong>Libris.</strong></span> <span class='ocrx_word' id='word_1_223' title='bbox 824 2707 892 2766; x_wconf 79' lang='lat' dir='ltr'><strong>iarn</strong></span> <span class='ocrx_word' id='word_1_224' title='bbox 914 2723 988 2766; x_wconf 86' lang='lat' dir='ltr'><strong>rero</strong></span> <span class='ocrx_word' id='word_1_225' title='bbox 1020 2707 1098 2783; x_wconf 85' lang='lat' dir='ltr'><strong>quod</strong></span> 
     </span>
     <span class='ocr_line' id='line_1_32' title="bbox 142 2787 1100 2870; baseline -0.006 -18"><span class='ocrx_word' id='word_1_226' title='bbox 142 2796 260 2870; x_wconf 82' lang='lat' dir='ltr'><strong>spectat</strong></span> <span class='ocrx_word' id='word_1_227' title='bbox 281 2791 316 2849; x_wconf 84' lang='lat' dir='ltr'><strong>ad</strong></span> <span class='ocrx_word' id='word_1_228' title='bbox 339 2796 441 2868; x_wconf 86' lang='lat' dir='ltr'><strong>partes</strong></span> <span class='ocrx_word' id='word_1_229' title='bbox 463 2789 612 2868; x_wconf 55' lang='lat' dir='ltr'><strong>corporis*</strong></span> <span class='ocrx_word' id='word_1_230' title='bbox 627 2789 802 2868; x_wconf 57' lang='lat' dir='ltr'><strong>ungendam</strong></span> <span class='ocrx_word' id='word_1_231' title='bbox 837 2787 972 2848; x_wconf 82' lang='lat' dir='ltr'><strong>Ecclesia</strong></span> <span class='ocrx_word' id='word_1_232' title='bbox 994 2787 1100 2848; x_wconf 85' lang='lat' dir='ltr'><strong>Latina</strong></span> 
     </span>
     <span class='ocr_line' id='line_1_33' title="bbox 141 2869 1099 2947; baseline -0.006 -13"><span class='ocrx_word' id='word_1_233' title='bbox 141 2891 180 2934; x_wconf 87' lang='lat' dir='ltr'><strong>ex</strong></span> <span class='ocrx_word' id='word_1_234' title='bbox 196 2874 341 2934; x_wconf 87' lang='lat' dir='ltr'><strong>constanti</strong></span> <span class='ocrx_word' id='word_1_235' title='bbox 364 2873 498 2932; x_wconf 91' lang='lat' dir='ltr'><strong>omnium</strong></span> <span class='ocrx_word' id='word_1_236' title='bbox 514 2871 703 2932; x_wconf 83' lang='lat' dir='ltr'><strong>saeculorum</strong></span> <span class='ocrx_word' id='word_1_237' title='bbox 719 2869 811 2947; x_wconf 83' lang='lat' dir='ltr'><strong>praxi·</strong></span> <span class='ocrx_word' id='word_1_238' title='bbox 826 2871 946 2931; x_wconf 85' lang='lat' dir='ltr'><strong>unicam</strong></span> <span class='ocrx_word' id='word_1_239' title='bbox 968 2869 1099 2930; x_wconf 82' lang='lat' dir='ltr'><strong>frontem</strong></span> 
     </span>
     <span class='ocr_line' id='line_1_34' title="bbox 143 2951 1095 3034; baseline -0.006 -16"><span class='ocrx_word' id='word_1_240' title='bbox 143 2972 258 3034; x_wconf 85' lang='lat' dir='ltr'><strong>ungere</strong></span> <span class='ocrx_word' id='word_1_241' title='bbox 282 2951 446 3016; x_wconf 83' lang='lat' dir='ltr'><strong>consuevit.</strong></span> <span class='ocrx_word' id='word_1_242' title='bbox 471 2952 579 3014; x_wconf 85' lang='lat' dir='ltr'><strong>Gracci</strong></span> <span class='ocrx_word' id='word_1_243' title='bbox 603 2954 674 3012; x_wconf 89' lang='lat' dir='ltr'><strong>olim</strong></span> <span class='ocrx_word' id='word_1_244' title='bbox 691 2952 970 3022; x_wconf 78' lang='lat' dir='ltr'><strong>‘irontcm,‘aurcs,</strong></span> <span class='ocrx_word' id='word_1_245' title='bbox 994 2969 1095 3021; x_wconf 84' lang='lat' dir='ltr'><strong>nares,</strong></span> 
     </span>
     <span class='ocr_line' id='line_1_35' title="bbox 143 3033 1101 3115; baseline -0.004 -17"><span class='ocrx_word' id='word_1_246' title='bbox 143 3043 174 3098; x_wconf 89' lang='lat' dir='ltr'><strong>ct</strong></span> <span class='ocrx_word' id='word_1_247' title='bbox 197 3041 302 3114; x_wconf 87' lang='lat' dir='ltr'><strong>pectus</strong></span> <span class='ocrx_word' id='word_1_248' title='bbox 315 3037 480 3115; x_wconf 85' lang='lat' dir='ltr'><strong>ungebant,</strong></span> <span class='ocrx_word' id='word_1_249' title='bbox 506 3033 651 3112; x_wconf 63' lang='lat' dir='ltr'><strong>cujus-*rei</strong></span> <span class='ocrx_word' id='word_1_250' title='bbox 672 3035 858 3096; x_wconf 85' lang='lat' dir='ltr'><strong>luculentum</strong></span> <span class='ocrx_word' id='word_1_251' title='bbox 881 3033 1027 3095; x_wconf 84' lang='lat' dir='ltr'><strong>habemns</strong></span> <span class='ocrx_word' id='word_1_252' title='bbox 1041 3033 1101 3112; x_wconf 81' lang='lat' dir='ltr'><strong>Cy·</strong></span> 
     </span>
     <span class='ocr_line' id='line_1_36' title="bbox 142 3113 1101 3196; baseline -0.005 -16"><span class='ocrx_word' id='word_1_253' title='bbox 142 3119 202 3180; x_wconf 91' lang='lat' dir='ltr'><strong>rilli</strong></span> <span class='ocrx_word' id='word_1_254' title='bbox 218 3119 487 3196; x_wconf 84' lang='lat' dir='ltr'><strong>Hierosolymitani</strong></span> <span class='ocrx_word' id='word_1_255' title='bbox 503 3117 708 3179; x_wconf 86' lang='lat' dir='ltr'><strong>testimouium</strong></span> <span class='ocrx_word' id='word_1_256' title='bbox 725 3117 755 3174; x_wconf 91' lang='lat' dir='ltr'><strong>in</strong></span> <span class='ocrx_word' id='word_1_257' title='bbox 769 3115 926 3177; x_wconf 84' lang='lat' dir='ltr'><strong>Cetechesi</strong></span> <span class='ocrx_word' id='word_1_258' title='bbox 938 3113 1101 3193; x_wconf 78' lang='lat' dir='ltr'><strong>terriaity·</strong></span> 
     </span>
     <span class='ocr_line' id='line_1_37' title="bbox 140 3198 1102 3281; baseline -0.006 -19"><span class='ocrx_word' id='word_1_259' title='bbox 140 3203 302 3281; x_wconf 75' lang='lat' dir='ltr'><strong>stagogica.</strong></span> <span class='ocrx_word' id='word_1_260' title='bbox 326 3198 425 3261; x_wconf 87' lang='lat' dir='ltr'><strong>Hodie</strong></span> <span class='ocrx_word' id='word_1_261' title='bbox 440 3217 513 3260; x_wconf 85' lang='lat' dir='ltr'><strong>vero</strong></span> <span class='ocrx_word' id='word_1_262' title='bbox 536 3200 623 3275; x_wconf 82' lang='lat' dir='ltr'><strong>longe</strong></span> <span class='ocrx_word' id='word_1_263' title='bbox 646 3200 749 3276; x_wconf 86' lang='lat' dir='ltr'><strong>plures</strong></span> <span class='ocrx_word' id='word_1_264' title='bbox 768 3200 902 3277; x_wconf 84' lang='lat' dir='ltr'><strong>corporis</strong></span> <span class='ocrx_word' id='word_1_265' title='bbox 923 3204 1024 3275; x_wconf 81' lang='lat' dir='ltr'><strong>partes</strong></span> <span class='ocrx_word' id='word_1_266' title='bbox 1046 3211 1102 3257; x_wconf 89' lang='lat' dir='ltr'><strong>un·</strong></span> 
     </span>
     <span class='ocr_line' id='line_1_38' title="bbox 143 3280 1103 3364; baseline -0.005 -20"><span class='ocrx_word' id='word_1_267' title='bbox 143 3289 219 3364; x_wconf 79' lang='lat' dir='ltr'><strong>gunt</strong></span> <span class='ocrx_word' id='word_1_268' title='bbox 239 3284 365 3353; x_wconf 89' lang='lat' dir='ltr'><strong>scilicet,</strong></span> <span class='ocrx_word' id='word_1_269' title='bbox 390 3283 533 3350; x_wconf 83' lang='lat' dir='ltr'><strong>frontem,</strong></span> <span class='ocrx_word' id='word_1_270' title='bbox 557 3280 683 3351; x_wconf 89' lang='lat' dir='ltr'><strong>oculos,</strong></span> <span class='ocrx_word' id='word_1_271' title='bbox 707 3297 814 3348; x_wconf 82' lang='lat' dir='ltr'><strong>nares,</strong></span> <span class='ocrx_word' id='word_1_272' title='bbox 839 3299 895 3347; x_wconf 89' lang='lat' dir='ltr'><strong>os,</strong></span> <span class='ocrx_word' id='word_1_273' title='bbox 918 3295 1008 3340; x_wconf 82' lang='lat' dir='ltr'><strong>eures</strong></span> <span class='ocrx_word' id='word_1_274' title='bbox 1021 3291 1047 3349; x_wconf 85' lang='lat'><strong>,&#39;</strong></span> <span class='ocrx_word' id='word_1_275' title='bbox 1091 3312 1103 3324; x_wconf 95' lang='lat'><strong>·</strong></span> 
     </span>
     <span class='ocr_line' id='line_1_39' title="bbox 143 3359 1101 3444; baseline -0.004 -19"><span class='ocrx_word' id='word_1_276' title='bbox 143 3370 219 3436; x_wconf 79' lang='lat' dir='ltr'><strong>ctus,</strong></span> <span class='ocrx_word' id='word_1_277' title='bbox 245 3381 364 3436; x_wconf 86' lang='lat' dir='ltr'><strong>manus,</strong></span> <span class='ocrx_word' id='word_1_278' title='bbox 388 3371 419 3427; x_wconf 89' lang='lat' dir='ltr'><strong>et</strong></span> <span class='ocrx_word' id='word_1_279' title='bbox 441 3364 543 3444; x_wconf 81' lang='lat' dir='ltr'><strong>pedes,</strong></span> <span class='ocrx_word' id='word_1_280' title='bbox 568 3369 601 3426; x_wconf 86' lang='lat' dir='ltr'><strong>ut</strong></span> <span class='ocrx_word' id='word_1_281' title='bbox 616 3362 719 3424; x_wconf 86' lang='lat' dir='ltr'><strong>videre</strong></span> <span class='ocrx_word' id='word_1_282' title='bbox 735 3370 780 3424; x_wconf 90' lang='lat' dir='ltr'><strong>est</strong></span> <span class='ocrx_word' id='word_1_283' title='bbox 804 3362 831 3422; x_wconf 91' lang='lat' dir='ltr'><strong>in</strong></span> <span class='ocrx_word' id='word_1_284' title='bbox 854 3379 959 3423; x_wconf 82' lang='lat' dir='ltr'><strong>eornm</strong></span> <span class='ocrx_word' id='word_1_285' title='bbox 982 3359 1048 3422; x_wconf 83' lang='lat' dir='ltr'><strong>Eue</strong></span> <span class='ocrx_word' id='word_1_286' title='bbox 1071 3379 1101 3421; x_wconf 84' lang='lat' dir='ltr'><strong>o</strong></span> 
     </span>
     <span class='ocr_line' id='line_1_40' title="bbox 142 3447 1044 3523; baseline -0.003 -18"><span class='ocrx_word' id='word_1_287' title='bbox 142 3447 232 3523; x_wconf 83' lang='lat' dir='ltr'><strong>logio.</strong></span> <span class='ocrx_word' id='word_1_288' title='bbox 1036 3459 1044 3468; x_wconf 91' lang='lat'><strong>·</strong></span> 
     </span>
    </p>
   </div>
   <div class='ocr_carea' id='block_1_7' title="bbox 0 0 1291 4042">
    <p class='ocr_par' dir='ltr' id='par_1_7' title="bbox 0 0 1291 4042">
     <span class='ocr_line' id='line_1_41' title="bbox 0 0 1291 4042; baseline 0 0"><span class='ocrx_word' id='word_1_289' title='bbox 0 0 1291 4042; x_wconf 95' lang='lat' dir='ltr'><strong> </strong></span> 
     </span>
    </p>
   </div>
  </div>
 </body>
</html>
