2567 4042
467 200 527 260 η»)
548 190 608 250 ⁶205
629 196 690 256 mr·

105 322 238 380 insinuat
258 319 289 380 S.
313 319 441 378 loannes
455 317 702 395 Chrysostomus.
719 315 851 378 Humilia
866 317 907 378 lV
923 320 952 378 in
972 317 1057 378 Pauli

106 402 269 480 Epistelam
286 401 323 460 ad
336 398 505 463 Hebraeos.
518 397 605 459 Circa
620 417 779 462 numerum
801 417 959 461 cereorum
983 404 1058 469 stau·

105 482 179 544 dum
196 489 247 544 'cst
267 483 495 550 consuetudini,
519 499 575 542 seu
596 482 820 559 praescriptioni
836 481 936 542 Tarae
951 484 1057 544 cousti-

106 570 190 626 tutae
212 565 250 624 ab
270 562 443 625 Ordiuario.
460 563 570 626 Teucri
591 561 741 626 Parochos
757 581 902 641 pauperes
917 581 990 624 suae
1004 581 1057 625 cu-

105 664 160 707 rae
181 647 377 715 commissos,
400 647 461 706 viia
483 647 599 706 iunctos
621 647 713 723 gratis
728 645 875 722 sepelire,
900 663 935 704 ac
957 645 1056 706 debita
1159 690 1162 698 ι

105 731 199 790 etiam
221 729 336 790 lumina
358 731 386 790 in
407 745 513 789 eorum
534 728 639 790 iuuere
661 728 722 790 suis
745 728 885 806 impensis
900 727 1053 800 adbibere,

107 815 227 888 practer
255 811 476 888 praescriptum
496 809 624 870 llituaiis
657 810 797 872 mandant
818 810 928 886 passim
950 827 1055 870 sacrae

105 891 219 972 Synodi
240 891 441 954 Provinciales
461 909 558 969 aeque
579 907 615 951 ac
630 890 841 952 Dioecesause.
854 891 958 968 Neque
980 909 1054 954 vcro

107 977 136 1034 iu
151 973 346 1035 Coemeieriis
367 982 531 1051 utcumque
546 973 708 1034 Christiani
738 974 879 1034 humandi
902 980 980 1044 sunt,
1004 974 1055 1034 sed
1108 1033 1116 1039 ,

109 1058 138 1117 iu
160 1058 218 1126 iis,
235 1057 402 1132 etquidem
418 1073 455 1115 ex
469 1061 644 1134 pervetusto
659 1058 736 1125 ritu,
754 1074 830 1134 quae
845 1055 957 1117 luerint
973 1057 1054 1134 prius

106 1141 145 1200 ab
167 1136 314 1216 Episcopo
333 1138 501 1199 benedicta.
524 1137 623 1214 Atque
646 1138 694 1199 bic
715 1145 783 1200 nota
814 1138 906 1198 unum
938 1144 1055 1200 tantum

108 1239 165 1298 pro
186 1220 394 1281 ecciesiasticis
414 1220 586 1280 hominibus
607 1221 749 1297 assignari
772 1221 964 1298 sepulcrum,
993 1222 1055 1282 sive

107 1304 126 1362 ii
149 1303 325 1364 Sacerdotes
346 1305 424 1370 sint,
448 1302 511 1361 sive
532 1301 581 1361 alii
603 1299 710 1362 Clerici
733 1301 898 1362 inferiores.
921 1302 1006 1375 Quod
1030 1305 1053 1362 si

107 1386 183 1446 baec
205 1384 342 1462 sepulcra
365 1403 419 1462 pro
441 1383 665 1454 Sacerdotibus,
683 1383 850 1446 etCiericis
867 1382 970 1444 haberi
987 1402 1054 1460 pos-

106 1468 166 1527 sint
187 1467 346 1535 distincte,
370 1484 538 1543 congruum
569 1464 710 1535 videtur,
734 1472 767 1527 ut
794 1467 884 1525 etiam
907 1465 1054 1526 collocen-

108 1553 158 1608 tur
192 1549 221 1608 in
253 1547 416 1629 decentiori
440 1553 470 1608 et
491 1547 629 1608 nobiliori
659 1548 747 1616 loco,
773 1553 845 1625 puta
875 1547 905 1606 iu
934 1549 1053 1618 choro,

108 1631 137 1690 iu
160 1631 373 1708 Presbyterio,
396 1630 526 1705 alioque
540 1629 630 1689 simili
653 1630 722 1690 situ.
748 1628 921 1691 immediate
944 1649 978 1691 ac
987 1627 1054 1690 Ca

104 1713 199 1774 darer
221 1713 340 1790 aliquod
363 1712 536 1789 sepulturae
561 1709 788 1773 Ecclesiasticus
821 1711 1032 1772 traditumt
984 1715 1051 1780 est,

105 1794 307 1872 jurisdictioni
328 1792 478 1854 Ordiuarii
499 1793 657 1872 subjacet:
682 1794 808 1870 ideoque
840 1793 901 1853 siue
933 1793 1001 1873 ejus
1022 1792 1056 1852 li

106 1877 204 1937 centia
226 1894 283 1936 non
305 1881 404 1953 potest
429 1875 591 1935 exhumari
612 1893 689 1952 quae
711 1875 831 1953 quidem
853 1879 884 1935 et
906 1877 1053 1954 asportari

104 1957 193 2034 justis
214 1957 251 2018 de
273 1959 369 2019 causis
391 1962 489 2034 potest
510 1957 547 2016 ab
569 1958 619 2018 illu
641 1957 793 2036 denegari.

147 2039 203 2100 lv.
225 2039 357 2118 Corpora
378 2039 588 2100 defunctorum
612 2039 756 2099 laicorum
789 2039 818 2097 io
839 2036 972 2099 Ecclesia
1002 2055 1055 2116 po·

106 2122 204 2184 nenda
226 2127 295 2181 suut
316 2122 442 2199 pedibus
462 2137 568 2180 versus
582 2120 706 2187 dilate.
723 2121 893 2200 Presbyteri
918 2137 990 2180 uero
1005 2137 1055 2179 ca-

106 2208 164 2282 put
184 2218 288 2262 versus
310 2202 410 2265 Altare
438 2202 590 2273 babeant3
614 2221 671 2261 nun
703 2203 805 2264 dubito
838 2209 959 2272 tamen,
983 2203 1054 2276 quin

106 2285 246 2360 antiquus
266 2285 304 2345 sit
325 2282 498 2362 hujusmodi
518 2287 614 2352 ritus,
638 2284 725 2363 cujus
753 2287 830 2345 inter
856 2284 928 2345 alios
949 2283 1055 2342 merui·

105 2367 152 2427 uit
171 2364 324 2444 Papalium
346 2365 611 2427 Caeremoniarum
644 2364 787 2443 Magister
808 2365 1003 2428 Burcbardus
1025 2366 1054 2425 iu

105 2466 163 2508 suo
186 2449 389 2526 manuscripto
404 2446 521 2508 Diariu,
531 2444 618 2508 Ratio
633 2453 690 2518 est,
704 2451 783 2526 quia,
796 2450 874 2510 sicut
889 2450 966 2510 iuter
981 2446 1055 2509 alios
1118 2511 1120 2518 ,

102 2533 192 2590 uolat
212 2529 410 2597 Baruiialdus,
424 2530 515 2604 pedes
537 2528 667 2589 huminis
682 2537 762 2602 sunt,
775 2529 826 2607 qul
849 2529 1053 2607 praecedunt,

103 2613 179 2671 dum
201 2611 293 2673 intrat
313 2611 491 2681 Ecclesiam,
505 2613 545 2670 ita
568 2611 658 2688 pedes
680 2629 799 2690 semper
815 2613 902 2688 primi
918 2629 984 2673 esse
1005 2613 1055 2674 dc·

106 2694 295 2755 beniversus
310 2692 423 2761 ditare,
437 2698 472 2753 ut
483 2709 590 2769 nempe
605 2691 697 2752 iacies
708 2694 814 2754 illtare
825 2695 960 2772 aspiciat
969 2692 1055 2767 Quae

101 2773 229 2851 quidem
251 2775 356 2852 regula
379 2774 477 2835 lallit
468 2793 498 2833 sn
513 2773 691 2841 Sacerdote,
710 2775 869 2836 mandante
891 2780 992 2856 nostro
1006 2775 1056 2834 ili-

100 2856 184 2917 tuali
199 2861 233 2916 ut
246 2854 415 2935 Presbyteri
429 2856 557 2917 bubsuut
571 2866 661 2937 caput
676 2875 777 2918 uersus
787 2845 903 2924 Altero,
914 2875 950 2918 es
966 2858 1055 2934 privi-

107 2939 189 3015 legio
203 2937 353 3016 dignitatis
374 2937 583 3009 Sacerdotalls,
598 2957 652 3017 per
672 2942 751 3015 quod
767 2938 800 2998 iit
814 2940 917 3011 etium,
928 2943 962 2999 ut
983 2937 1054 3002 dum
1128 2943 1131 2950 ’

107 3020 146 3079 ad
162 3021 267 3081 ditare
282 3019 446 3089 celebrant,
464 3019 571 3081 lsciem
593 3023 713 3082 vertant
733 3038 836 3083 versus
857 3021 1000 3100 populum
1026 3027 1058 3083 et

110 3108 197 3177 terga
213 3101 321 3173 Altari3
335 3102 412 3179 quod
435 3102 556 3178 quidem
578 3121 648 3164 cum
665 3119 723 3164 non
739 3103 847 3163 iaciant
861 3104 911 3163 alii
926 3101 1055 3166 Ministri

98 3181 234 3254 ditaris,
250 3184 318 3244 ideo
339 3186 411 3245 solis
432 3179 617 3264 Presbyteris
630 3184 692 3245 vita
707 3185 803 3246 unciis
819 3200 992 3246 concessum
1010 3191 1055 3246 est

107 3266 185 3341 poni
201 3265 231 3324 iu
252 3263 386 3326 Ecclesia
406 3283 482 3326 cum
499 3265 575 3328 iacis
594 3284 683 3327 versa
704 3265 881 3334 additare,
905 3285 962 3327 non
984 3284 1058 3328 vero

108 3345 176 3406 aliis
196 3344 327 3417 clericis,
350 3349 499 3408 etiamsi
491 3368 521 3409 rn
542 3349 788 3418 subdiaconatus,
805 3349 854 3408 vel
877 3346 1058 3412 Diaconatus

108 3424 224 3490 Ordine
246 3429 399 3490 constituti
420 3431 491 3490 sint.
514 3429 673 3494 Neminem
694 3431 924 3493 Christianum
917 3450 947 3491 ru
975 3449 1057 3492 com-

110 3511 252 3572 muuione
275 3509 410 3572 fidelium
431 3511 620 3584 defunctum,
641 3519 728 3574 extra
749 3511 913 3574 Ecclesiam
935 3531 970 3576 ac
984 3509 1059 3576 Coe-

107 3594 269 3655 meterium
302 3593 358 3654 rite
387 3593 575 3656 benedictum
597 3597 715 3674 sepeliri
735 3594 869 3666 debere,
889 3597 1057 3674 antiquissi-
