2567 4042
596 225 822 300 simillim-

232 365 288 422 set.
311 355 379 418 Hoc
402 359 480 418 enim
504 358 610 419 Ariani
639 364 670 418 et
691 356 869 419 Semiariani
898 357 928 414 in
952 351 1184 432 Pseudosynodis

233 441 377 520 agebant:
402 440 598 517 quamobrem
622 441 748 518 pessime
771 439 933 500 audiebant
946 437 1024 514 apud
1040 433 1185 494 Nicaenae

232 523 317 584 Fidei
341 522 527 597 professores
549 540 584 582 ac
607 520 792 583 defensores.
816 519 917 580 Tertia
934 520 1010 578 ratio
1026 519 1138 594 petitur
1152 533 1185 576 ex

235 605 353 668 silentio
376 603 408 664 S.
432 601 536 680 Cyrilli
559 602 776 673 Alexandrini,
805 601 975 680 Ephesinae
998 598 1133 678 Synodi,
1154 597 1182 658 S.

233 687 351 753 Leonis,
377 691 408 746 et
422 683 545 747 Concilii
561 684 823 751 Chalcedonensis,
846 684 991 762 aquibus
1014 681 1109 741 dnbio
1125 697 1187 756 pro-
1254 702 1255 705 ¹

234 769 282 830 cul
305 773 408 827 contra
428 766 636 828 Nestorianam
658 773 690 829 et
710 765 928 844 Eutychianam
947 763 1111 825 Haerrsim
1128 763 1189 822 lan·
1254 814 1255 825 .

236 851 340 912 datum
365 850 470 910 luisset
491 850 571 909 istud
593 848 788 928 Symbolum,
811 849 836 907 si
851 847 882 908 S.
899 846 1057 907 Athanasii
1074 844 1185 904 inisset.
1254 894 1255 903 .

235 932 324 995 Certe
347 931 378 994 S.
395 928 535 1015 Cyrillus,
559 931 714 991 Athanasii
736 947 943 990 successorum
967 945 1056 996 unns,
1084 926 1113 985 id
1135 940 1188 984 oon
1254 938 1255 941 ’

235 1015 418 1092 ignorasset3
444 1030 540 1088 neque
563 1013 742 1090 neglexisset
763 1011 842 1071 illius
864 1012 1078 1070 auctoritatem
1095 1008 1133 1067 ad
1148 1023 1190 1065 re·
1254 1030 1255 1035 ¹

235 1095 402 1156 lellendnm
425 1091 599 1154 Nestorium
622 1094 849 1155 validissimam.
881 1092 996 1165 Quarta
1021 1093 1100 1151 ratio
1123 1087 1192 1166 peti·

236 1183 286 1238 tur
314 1193 351 1235 ex
380 1177 458 1253 stylo
485 1178 692 1252 sermonisque
722 1181 886 1245 contextu,
921 1175 973 1249 qui
1001 1186 1191 1248 nequaqnam
1254 1168 1255 1175 ’

236 1258 344 1319 Graeci
368 1257 498 1316 hominis
520 1264 583 1328 est,
608 1259 660 1319 sed
677 1256 783 1318 latini.
807 1256 918 1330 Quinta
943 1257 1019 1314 ratio
1042 1273 1081 1314 ex
1098 1271 1134 1312 eo
1149 1269 1193 1310 su·

236 1341 341 1409 mitur,
365 1339 444 1414 quod
462 1339 490 1396 in
506 1341 637 1416 antiquis
654 1342 685 1398 et
700 1339 840 1416 probatae
863 1338 933 1399 fidei
955 1336 1119 1399 Codieibns
1136 1349 1193 1391 ma-

237 1422 399 1499 nuscriptis
415 1438 490 1496 pene
507 1423 647 1482 omnibns
660 1419 795 1497 Operum
811 1419 842 1480 S.
860 1419 1017 1479 Athanasii
1033 1420 1096 1478 hoc
1112 1415 1195 1492 Sym·
1254 1460 1255 1493 ,

236 1503 337 1563 bolum
361 1503 559 1562 desideretur.
595 1504 727 1563 Domum
756 1504 779 1563 si
803 1501 896 1580 hujus
924 1501 1061 1578 Symboli
1089 1500 1194 1557 auctor
1254 1544 1255 1551 ,

236 1585 342 1646 fuisset
370 1582 580 1657 Athanasius,
611 1586 639 1644 ei
668 1586 832 1646 inserusset
856 1581 1127 1646 Coosnbstootiolis
1148 1595 1197 1636 vo·
1254 1612 1255 1615 =

238 1683 315 1736 cem,
341 1685 394 1743 pro
418 1684 475 1742 qua
499 1668 608 1728 tuenda
631 1672 693 1727 toto
715 1668 794 1732 ritae
809 1665 964 1726 curriculo.
978 1665 1119 1742 certauit,
1137 1665 1198 1719 tan·
1254 1660 1255 1663 ’

239 1749 337 1823 iisqne
359 1749 501 1823 perieulis
522 1749 697 1825 perfunctus
718 1754 775 1810 est.
1254 1750 1255 1797 ἕ

246 1841 248 1846 ’
280 1827 335 1888 lll.
360 1829 418 1901 Qui
443 1829 515 1889 illud
533 1829 564 1890 S.
583 1831 748 1890 Athanasio
763 1828 918 1894 tribuunt,
942 1846 1000 1886 non
1016 1825 1196 1887 conueniunt
1254 1810 1255 1845 ³

241 1913 319 1971 inter
335 1929 367 1970 se
383 1912 502 1985 quando
518 1917 549 1972 et
563 1930 628 1988 qua·
647 1914 802 1972 occasione
818 1910 889 1969 illud
905 1909 1043 1969 ediderit.
1069 1906 1195 1980 Quidam
1254 1850 1256 1963 l

239 1991 374 2052 Treviris
390 1991 463 2050 illud
479 1995 634 2072 scripsisse
650 1993 763 2054 dicunt.
787 1991 848 2052 Nec
863 1992 1048 2068 auspicatius
1064 1990 1118 2048 alii
1132 2005 1198 2046 con-

239 2075 381 2153 jecerunt
403 2072 461 2134 hoe
483 2073 661 2153 Symbolum
677 2093 695 2134 a
711 2075 742 2135 S.
757 2073 923 2134 Athanasio
938 2075 1053 2133 editum
1071 2070 1196 2136 Romae,
1254 2060 1255 2117 l

240 2161 269 2216 et
292 2155 373 2215 lulio
401 2152 537 2216 Pontifici
560 2155 695 2216 Maximo
716 2157 861 2216 oblatum.
886 2155 1081 2214 Procedimus
1104 2157 1197 2211 tamen
1254 2160 1255 2221 ξ

241 2255 321 2298 nunc
345 2237 381 2296 ad
404 2238 532 2298 aliorum
556 2240 732 2307 sententias,
749 2255 817 2296 nam
834 2238 883 2298 cui
899 2238 1013 2296 auctori
1028 2234 1199 2294 adscrihen·
1254 2268 1255 2303 5

242 2319 313 2381 dum
338 2320 376 2380 sit
399 2319 479 2378 idem
503 2320 694 2398 Symbolum,
718 2320 820 2380 variae
842 2325 913 2379 sunt
926 2319 1116 2379 eruditorum
1134 2331 1197 2374 sen·
1254 2308 1255 2387 ἶ

242 2400 366 2460 tentiae.
393 2398 538 2478 Iosephus
562 2401 781 2473 Anthelmius,
805 2401 834 2460 in
857 2418 911 2459 sua
934 2400 1147 2478 disquisitione
1167 2392 1199 2452 de
1254 2396 1255 2469 Τ

246 2479 384 2560 Symbolo
405 2482 437 2550 S.
456 2479 632 2552 Athanasii,
657 2483 786 2560 probare
808 2485 932 2542 conatus
947 2488 993 2543 est
1008 2477 1200 2541 Vincentium
1254 2498 1255 2501 ¹

243 2562 433 2643 Lirinensem
463 2571 617 2626 auctorem
649 2581 716 2625 esse
745 2563 902 2642 Symboli,
934 2565 1013 2640 quod
1044 2557 1199 2621 Athanasii
1254 2558 1255 2623 ζ

244 2645 366 2706 nomine
396 2647 570 2707 adornatur.
601 2644 716 2706 Natalis
738 2646 910 2706 Alexander
936 2647 966 2704 in
989 2663 1043 2706 sua
1065 2639 1200 2702 Historia
1254 2656 1255 2659 ¹

242 2723 454 2788 Ecclesiastico
476 2729 561 2790 Seec.
578 2727 627 2790 ll'
645 2727 725 2787 Dice.
750 2728 772 2786 d
792 2727 997 2788 demonstrare
1019 2724 1200 2787 contendite

242 2806 356 2886 Vigilio
379 2808 543 2888 Tapsensi,
569 2810 598 2868 in
623 2806 725 2868 Africa
747 2807 919 2886 Episcopo,
948 2809 1000 2884 qui
1024 2807 1128 2868 floruit
1149 2801 1199 2863 sub

243 2887 334 2952 linem
360 2890 388 2951 V
411 2894 536 2964 saeculi,
555 2888 733 2970 Symbolum
758 2891 817 2950 hoe
840 2891 997 2970 prodiisse.
1015 2890 1076 2950 Alii
1091 2883 1201 2947 ‘aucto

241 2991 313 3040 res,
344 2973 396 3050 qui
419 2973 595 3054 Symbolum
619 2973 698 3033 istud
724 2991 780 3032 non
802 2991 869 3033 esse
896 2971 1076 3043 Athanasii,
1106 2981 1198 3042 neque

242 3052 394 3116 Vincentii
417 3055 602 3126 Lirinensis,
628 3073 731 3132 neque
759 3052 859 3132 Vigilii
882 3054 1042 3131 Tapsensis
1070 3065 1199 3112 asserue-

243 3142 326 3204 runt,
350 3137 524 3200 dividuntur
547 3140 576 3197 in
600 3137 674 3198 alias
697 3137 870 3214 opiniones3
895 3137 946 3197 alii
969 3138 1050 3196 enim
1074 3130 1198 3194 Eusebio

243 3217 428 3280 vercellensi
459 3220 631 3282 tribuerunt
659 3219 740 3280 hane
763 3219 1023 3297 lucubrationem,
1060 3215 1109 3276 alii
1131 3226 1199 3271 vero

242 3299 399 3361 Anastasio
415 3301 563 3372 Sinaitae,
588 3299 799 3362 contundendo
814 3301 915 3360 forsan
932 3297 1080 3359 Anastasii
1096 3309 1197 3355 nomen

245 3397 313 3442 cum
337 3380 520 3453 Athanasio,
545 3389 579 3446 ut
602 3383 776 3459 suspicatur
798 3381 1053 3442 Montiauconius.
1078 3377 1137 3438 Alii
1152 3373 1197 3432 de-

244 3462 334 3538 nique
357 3466 394 3525 ab
418 3483 568 3545 anonymo
591 3463 679 3526 Gallo
701 3465 817 3526 editum
840 3462 932 3524 tuisse
953 3463 1012 3523 hoc
1028 3457 1197 3540 Symbolum

244 3540 447 3618 conjecerunt,
472 3547 591 3626 Pipini,
615 3546 665 3608 vel
688 3543 789 3606 Caroli
811 3545 914 3623 Magni
936 3545 1131 3623 temporibus,
1153 3552 1198 3596 oe·

244 3626 395 3688 casionem
417 3631 580 3707 praebente
597 3629 806 3692 controversia
821 3628 860 3688 de
873 3627 1064 3691 Processione
1078 3622 1199 3705 Spiritus
