2567 4042
460 222 722 294 milwae.

137 346 184 408 X.
208 347 312 421 Ouum
333 350 364 409 in
385 348 491 411 Veteri
512 349 592 430 Lege
614 369 651 412 ex
673 348 727 411 Dei
750 358 928 433 praecepto,
951 350 1048 415 Exodi

94 427 172 509 Cup.
196 429 307 491 XXIII
327 450 409 494 vers:
434 433 484 504 19,
501 435 651 511 primitiae
673 435 794 513 lrugurn
815 440 915 505 terrae
939 434 970 493 in
992 436 1047 495 do-

96 530 184 573 mum
206 511 264 573 Dei
295 514 406 590 deferri
439 516 583 577 deberent
614 521 680 577 tum
712 516 926 593 ingratIarum
958 518 1049 578 actio·

96 612 182 666 nem,
207 602 272 657 tum
294 598 380 660 utin
402 599 582 659 consecratis
603 598 668 659 Deo
689 598 830 677 primitiis
852 616 955 659 omnes
977 601 1048 661 roli-

93 679 147 754 qui
175 675 291 739 tructus
313 678 377 739 Deo
408 678 501 742 oblati
534 684 565 741 et
589 679 739 741 benedicti
771 685 926 741 manerent
943 724 953 753 ,
975 683 1047 743 satis

93 760 280 821 conveniens
301 762 400 821 risum
422 762 479 822 luit
499 768 530 823 et
550 761 632 822 hunc
654 778 772 839 morem
793 762 830 822 ad
861 762 1048 825 Christianos

93 841 262 904 transferre
277 848 432 919 tamquam
444 845 532 904 valde
542 846 637 923 pium.
651 846 769 905 Morem
786 846 973 922 primaevum
985 845 1049 905 Iru-

63 964 66 968 -
91 924 626 996 etusnovosbenedicendi,Baronius
637 925 760 1003 quidem
771 924 1045 988 an.CCLXXXlII

92 1024 181 1067 num.
208 1006 247 1067 15
268 1008 371 1073 etalii
392 1024 450 1065 non
472 1009 558 1087 pauci
580 1006 728 1069 ductores
756 1007 966 1089 Euthychiano
991 1007 1047 1071 Pa-

90 1102 150 1165 pae
175 1088 358 1151 adscribunt.
382 1086 524 1162 Verum,
552 1096 587 1151 ut
613 1088 804 1151 docet'Goar
837 1093 874 1151 ad
896 1090 1046 1151 Euobolo·

89 1170 178 1246 glum
199 1172 232 1229 in
253 1172 330 1231 notis
350 1169 388 1230 ati
403 1170 579 1234 Orationem
600 1190 655 1250 pro
678 1172 874 1234 offerentibus
897 1173 1046 1251 primitias

89 1250 262 1323 fruetuum,
279 1254 342 1331 ipse
361 1251 473 1314 Paulus
495 1254 655 1332 Apostolus
676 1254 768 1332 hujus
790 1256 916 1317 instituti
939 1262 1044 1315 auctor

89 1341 138 1395 est
161 1334 343 1405 habendus,
367 1334 516 1412 quinibil
537 1336 737 1419 reficiendum
754 1384 760 1405 ,
779 1336 857 1417 qood
879 1355 946 1399 cum
976 1354 1047 1415 pro-

89 1417 209 1479 tiemns
230 1418 342 1477 anione
359 1418 538 1497 percipitur,
555 1420 675 1496 scripsit
696 1418 724 1476 in
747 1416 880 1497 Epistola
901 1418 916 1477 I
937 1418 973 1477 ad
992 1417 1042 1476 'Ii-

89 1498 261 1568 motheum,
279 1496 351 1577 Cap.
367 1496 424 1558 IV.
440 1499 659 1580 Sanctificetur
675 1500 752 1559 onim
769 1518 827 1581 per
838 1502 958 1567 uerbum
975 1500 1045 1569 Det',

90 1592 120 1643 ct
146 1582 344 1650 orationem
365 1581 452 1648 idest,
475 1586 509 1642 ut
528 1581 762 1662 chrysostomus
789 1582 840 1651 ait,
865 1579 1043 1660 purificatur

43 1725 48 1735 ,
88 1680 147 1742 per
179 1664 256 1739 signi
277 1659 381 1722 Crucis
402 1663 548 1725 virtutem
576 1669 607 1725 et
628 1661 782 1727 Ecclesiae
809 1662 1042 1725 invocationem.

89 1741 341 1824 Antiquissimam
356 1744 569 1805 benedictionis
585 1746 802 1823 primitlanrm‚
820 1764 873 1807 seu
888 1747 1045 1805 lruetuum‘

89 1845 243 1890 novorum
266 1826 429 1887 formulam
452 1828 544 1888 tradit
559 1826 675 1889 Auctor
695 1827 946 1889 constitutionum
962 1828 1043 1904 Apo-

88 1910 277 1977 stoIIearum,
294 1909 362 1969 Lib.
379 1907 452 1969 VIII
472 1907 577 1987 Capite
592 1908 705 1969 XLVI.
732 1906 821 1971 Extat
842 1913 873 1971 et
895 1910 923 1968 ln
939 1906 1044 1968 Sacrass

89 1994 243 2055 mentatio
270 1990 301 2051 S.
324 1989 463 2068 Gregorii
490 1992 588 2069 Papae
616 1995 704 2051 vetus
725 1989 829 2052 Oratio
860 1988 897 2049 ad
920 1989 1044 2051 benedis

10 2090 13 2099 ·
88 2075 222 2137 cendum
245 2074 376 2134 lruetum
398 2090 521 2133 novum.
545 2070 677 2133 Celebris
699 2078 744 2132 est
765 2073 814 2134 illa
844 2086 919 2133 urae
942 2088 1038 2133 novae

87 2156 275 2222 Benedictio,
300 2169 378 2232 quae
400 2153 492 2217 tiebat
513 2155 560 2215 die
581 2152 626 2215 VI
648 2151 791 2232 Augusti,
815 2159 845 2215 et
866 2153 987 2227 qrridem
1011 2154 1044 2211 in:

89 2246 220 2316 utraque
245 2234 389 2308 Ecclesia
411 2236 558 2298 Orientali
590 2239 623 2297 et
653 2233 848 2297 Occidentali.
868 2232 979 2313 ‘Habet
1011 2239 1044 2295 et

87 2318 227 2383 Ecclesia
246 2318 354 2379 vLatina-
366 2319 610 2381 Benedictionem
625 2331 714 2387 uvae,
730 2320 779 2379 dle
793 2319 857 2394 ipsa
879 2323 962 2378 sexta
980 2315 1043 2378 Au·

87 2406 168 2482 gusti
191 2403 222 2462 in
238 2402 329 2461 variis
344 2402 524 2469 Missalibus,
541 2416 576 2459 ac
598 2398 768 2461 Ilitualibus
782 2398 911 2475 antiquis
927 2396 1038 2469 Libris,

88 2491 181 2564 atque
203 2481 384 2550 Missilibus,
403 2484 463 2543 imo
485 2487 523 2543 et·
537 2484 567 2541 in
582 2481 776 2544 sacerdotali.
800 2480 857 2541 Sed
881 2492 937 2539 non
954 2480 1043 2541 omit·

87 2567 216 2629 tendum
237 2583 255 2624 a
275 2565 361 2625 nobis
383 2563 433 2624 bic
448 2564 522 2625 illud
538 2570 594 2633 est,
608 2564 786 2635 orationem,
802 2578 894 2640 quarn
913 2560 1039 2623 exhibet
1109 2562 1112 2567 ’

87 2649 118 2710 in
146 2649 299 2728 praesenti
325 2645 431 2723 Capite
458 2644 578 2706 Rituale
599 2644 770 2707 Romanum
802 2661 857 2720 pro
889 2658 1040 2705 novorum
1094 2682 1097 2687 -

86 2728 246 2793 Iruetuum
268 2726 494 2800 benedictione,
518 2726 661 2806 applicari
683 2724 828 2806 possead
851 2724 968 2785 innotus
992 2742 1041 2785 no·

86 2828 145 2874 roa
166 2829 385 2890 quoscumque.
413 2808 508 2872 Causa
527 2807 625 2871 'finabs
648 2808 739 2887 hujus
761 2807 974 2869 benedictionis
996 2810 1042 2873 est

87 2896 256 2973 recognitio
276 2894 430 2955 fructuum
451 2908 469 2951 a
491 2890 598 2951 Divina
619 2891 776 2967 largitate,
800 2896 831 2951 et
852 2889 1041 2948 incolumitas

87 2974 238 3052 fidelium,
259 2981 294 3035 ut
315 2973 431 3035 fructus
452 2974 566 3034 scilicet
587 2972 734 3033 benedicti
756 2964 870 3049 prosint
892 2976 954 3031 tum
971 2986 1040 3029 eor⁴

87 3059 184 3136 pori,
209 3061 274 3117 tum
296 3058 412 3117 animae
445 3056 628 3117 sumentium
656 3072 695 3115 ex
726 3052 799 3113 illis:
821 3052 1041 3113 Benedicentur

87 3140 160 3198 nori
181 3139 297 3200 inactus
328 3143 361 3199 et
381 3136 446 3198 Deo
468 3142 705 3221 consectantur,
729 3141 764 3197 ut
785 3134 842 3194 hoo
869 3134 929 3194 ritu
951 3130 1041 3211 proli·

88 3227 210 3283 teamur
243 3219 339 3285 Deum
360 3238 427 3282 esse
449 3220 589 3281 omnium
606 3220 760 3283 fructuum
782 3216 978 3293 largitorem,
1010 3220 1042 3276 et

88 3300 209 3363 debitas
230 3301 271 3363 illi
294 3303 406 3379 gratias
426 3303 599 3363 reddamus.

129 3382 190 3445 XI.
214 3382 321 3445 Ritum
335 3382 529 3446 benedicendi
544 3386 645 3445 oleum
668 3380 708 3441 ad
729 3378 876 3440 curandos
891 3377 1037 3451 infirmos,

88 3480 229 3528 manasse
258 3464 416 3527 aChristo
443 3466 595 3532 Domino,
626 3461 712 3541 eujus
744 3461 883 3522 mandato
905 3458 1039 3538 Apostoli

88 3556 235 3629 ungentes
256 3551 322 3610 oleo
345 3548 490 3618 infirmos,
514 3545 660 3625 plurimos
682 3562 699 3603 a
720 3544 810 3604 variis
831 3542 943 3602 morbis
966 3542 1039 3601 libe-2

89 3637 209 3706 rarunt,
226 3632 314 3693 docet
333 3635 391 3693 nos
408 3628 606 3710 Evangelium
626 3624 734 3700 ilorci,
757 3621 829 3704 Cap.
843 3621 887 3685 VI
907 3622 1040 3683 versili
