2567 4042
358 213 361 221 =
423 189 682 269 ,feudum

95 331 157 382 ccct
178 327 261 377 nocto
278 315 395 396 quidem
413 318 610 397 pcrfflqoictem
632 320 756 398 colloqui
777 338 843 379 com
864 319 936 380 Deo.
960 321 1042 382 isaac

95 403 134 464 de
161 401 338 479 Contempto
361 400 474 458 mundi:
498 398 620 473 Anime,
642 404 759 478 inquit,
786 420 860 480 quae
881 403 1044 480 invigiliis
1117 446 1122 454 -

95 486 237 553 loborat,
263 494 289 541 ct
305 493 503 564 perseueret,
528 487 614 560 quusi
637 483 796 546 Cherubim
818 488 914 545 oculos
935 485 1041 554 babet,

96 569 202 646 quibos
222 581 335 642 sempor
355 565 509 624 intucatur
531 565 679 626 coelestem
695 569 986 645 *contemplationem

137 647 191 708 111.
208 647 356 723 Principio
377 646 482 706 unicus
504 652 570 706 erat
580 645 752 708 Nocturnus
774 649 802 706 in
819 652 912 711 noctis
934 647 1040 720 cilicio,

96 730 309 805 constabatque
322 727 480 787 duodecim
497 729 628 805 psalmis,
646 729 898 808 quemadmodum
914 729 950 788 ad
963 729 1041 790 banc

7 831 9 866 ς
95 812 173 874 diem
199 811 350 871 ferialibus
372 810 486 879 diebus,
511 814 601 886 atque
624 813 652 870 in
675 815 772 890 primo
793 811 967 871 Dominicae
981 811 1043 870 No·

94 901 202 973 cturno
224 892 288 952 lieri
312 892 398 952 solet.
423 889 539 951 Verum
562 911 632 950 cum
648 893 802 953 Dominica
825 895 887 955 dies
902 899 964 954 tota
978 893 1042 954 ilco

94 977 219 1036 colendo
243 983 330 1050 atque
353 973 498 1033 laudando
520 989 603 1033 sacru
625 993 693 1036 esse
715 977 847 1044 debeat,
877 985 1043 1052 coeperunt

94 1057 235 1120 Monacbi
256 1065 373 1117 noctem
396 1057 508 1115 orando
529 1057 704 1136 transigere.
728 1059 760 1118 S.
785 1057 988 1118 Columbanus
1010 1060 1040 1118 in

96 1159 151 1200 sua
167 1138 279 1217 Regula
295 1141 366 1198 satis
387 1135 545 1214 significat,
563 1157 652 1214 quam
669 1141 787 1216 longum
804 1146 884 1200 esset
898 1139 1040 1201 Officium
1100 1187 1103 1192 .

7 1255 9 1282 5
95 1229 275 1283 nocturnum
298 1221 472 1281 Dominicae
494 1221 563 1287 diei,
581 1223 660 1298 quel
684 1223 778 1282 tribus
800 1223 964 1281 intervallis
988 1223 1042 1281 tri-

7 1327 9 1364 :
95 1306 176 1382 ginta
197 1323 248 1367 sex
271 1303 402 1381 psalmi,
431 1309 522 1379 atque
542 1303 697 1363 duodecim
720 1304 907 1381 Antiphonae
935 1306 1041 1364 recita·

7 1413 10 1448 ι
94 1387 210 1448 retitur.
235 1385 321 1462 Apud
344 1384 374 1444 S.
391 1383 563 1446 Caesarium
580 1385 786 1447 Arelatensem
807 1385 880 1462 Cap.
897 1384 934 1443 21
959 1377 1042 1446 vide·

7 1493 9 1548 ς
93 1487 171 1536 mus,
196 1471 288 1529 trium
311 1466 481 1527 lectionum
495 1469 570 1532 loco,
595 1487 673 1544 quae
696 1467 839 1529 seriarum
862 1469 966 1528 dicbus
989 1487 1038 1528 re-

7 1587 10 1612 r
93 1553 283 1619 citabantur,
308 1550 410 1608 diebus
431 1548 594 1609 Dominicis
617 1550 708 1626 dupio
730 1551 837 1626 plures,
851 1551 965 1610 scilicet
985 1568 1039 1610 sex

95 1633 239 1710 perlectas
262 1631 363 1690 inisse.
388 1629 417 1690 S.
443 1629 617 1692 Benedictus
640 1632 744 1692 dicbus
765 1631 919 1690 dominicis
947 1640 1041 1694 rnatu·

7 1747 9 1774 r
94 1716 189 1775 tinum
211 1730 305 1790 usque
327 1713 363 1771 ad
380 1714 669 1790 auroram'protrabi
685 1714 819 1774 curabat.
845 1713 875 1772 S.
893 1712 1041 1776 Fructuo-

93 1814 144 1856 sus
168 1799 195 1854 in
212 1813 265 1856 sua
287 1793 402 1870 Regula
424 1791 496 1870 Cap.
515 1795 533 1870 3
553 1794 638 1872 jubet
661 1804 720 1856 tres
742 1795 922 1866 Nocturnus,
946 1799 1042 1874 singu·

93 1879 189 1953 lisque
211 1877 369 1937 Nocturnis
392 1877 546 1936 duodecim
570 1879 709 1953 psalmos,
733 1896 802 1936 cum
825 1878 919 1936 tribus
941 1880 1042 1938 lectio·

7 1989 9 2022 ι
94 1961 180 2019 nibus
202 1961 239 2020 ad
263 1960 401 2034 priunum,
419 1966 548 2033 quatuor
567 1976 640 2017 vero
656 1962 722 2020 cum
741 1959 862 2019 totidem
876 1960 1042 2035 Responsu-

94 2043 146 2100 ciis
176 2043 213 2102 od
241 2041 405 2102 secundum
430 2041 559 2099 recitari.
584 2039 687 2116 ltaque
710 2040 881 2100 Dominicae
907 2041 1040 2100 cilicium

94 2124 204 2200 ubique
226 2123 341 2199 longius
370 2129 435 2182 erat
456 2139 545 2196 quem
568 2125 675 2183 ceteris
697 2125 813 2183 diebus.
836 2122 884 2181 Ad
907 2119 1041 2182 Domini-

92 2222 146 2266 cae
162 2207 331 2281 exemplum
346 2203 491 2265 festorum
508 2205 603 2264 officio
620 2212 678 2264 tres
693 2203 835 2264 Nocturni
858 2204 960 2262 tributi
976 2204 1040 2265 iue-

26 2277 33 2291 ’
91 2307 137 2348 re.
162 2288 272 2364 Singuli
288 2293 398 2348 autem.
412 2285 556 2346 Nocturni
573 2287 660 2363 paulo
683 2287 830 2366 longiores
851 2291 946 2352 crant,
971 2306 1041 2363 qua·

91 2371 128 2429 lis
150 2369 240 2429 hodie
264 2371 376 2446 primus
392 2373 448 2436 est,
473 2373 506 2428 ut
520 2373 612 2428 totum
637 2369 764 2446 spatium
787 2376 876 2444 atque
899 2369 1041 2428 interval-

88 2452 153 2512 lum
170 2452 262 2512 tribus
284 2451 340 2510 illis
363 2453 466 2512 officiis
489 2451 668 2512 destinatum
691 2454 880 2530 occuparent.
894 2447 978 2509 Haec
994 2455 1043 2511 est

90 2533 237 2594 Amalarii
255 2533 320 2594 Lib.
339 2533 381 2592 lV
397 2533 470 2608 Cap.
487 2531 506 2590 9
521 2534 666 2593 sententia
688 2534 738 2609 q'ui
751 2533 890 2592 affirmat
905 2537 965 2591 tres
980 2531 1040 2591 No-

89 2619 214 2676 cturnus
237 2617 384 2677 institutos
407 2615 521 2682 luisse,
544 2620 577 2674 ut
599 2615 695 2676 trihus
715 2614 834 2692 vigiliis,
859 2613 922 2674 sive
945 2617 1039 2674 noctis

89 2698 268 2758 stationibus
284 2698 506 2774 responderent,
525 2697 633 2772 quibus
649 2698 685 2756 ad
702 2697 846 2756 orandum
860 2697 1042 2772 surgendum
1145 2709 1151 2712 ·

89 2784 170 2849 erat,
195 2779 445 2856 quemadmodum
463 2783 493 2840 et
509 2779 638 2838 interdiu
651 2778 767 2847 ss'l'ertia,
791 2777 889 2845 Sexta,
914 2784 943 2837 et
959 2777 1041 2837 Nona

88 2861 168 2920 hora
191 2863 285 2922 tribus
307 2861 436 2921 diversis
454 2861 618 2921 intervallis
640 2877 772 2920 oramus.
806 2859 840 2920 ln
863 2859 1041 2936 quibusdam

88 2939 237 3002 Ecclesiis
258 2948 302 3002 tot
323 2942 418 3012 chori,
437 2948 510 3018 quot
523 2948 610 3002 erant
624 2939 781 3011 Nocturni,
799 2942 1039 3003 instituebantur.

88 3024 234 3102 Legimus
256 3025 284 3082 in
299 3021 565 3085 Caribusianorum
582 3023 710 3084 Statutis'
728 3043 745 3084 a
761 3025 895 3102 Gnigone
912 3024 1043 3082 conscri-

88 3107 150 3184 ptis
171 3104 243 3182 Cap.
268 3105 287 3164 9
309 3125 360 3166 eos
382 3107 461 3168 inter
481 3105 613 3182 singulos
635 3104 803 3168 Nocturnos
825 3111 939 3185 septem
962 3104 1043 3164 Psal-

90 3205 157 3248 mos
180 3188 406 3266 poenitentiales
440 3189 607 3257 recitasse,
641 3188 689 3247 vel
712 3189 785 3248 alias
806 3189 963 3266 quasdam„
980 3205 1066 3246 non>

92 3269 245 3410 brpviores
268 3285 386 3350 preceS,
411 3271 537 3332 utinter
558 3267 728 3332 Nocturnus
749 3270 939 3332 intervallum
961 3274 1044 3330 uota-

93 3367 126 3410 re
141 3371 187 3414 ur.
518 3377 519 3380 ¹
733 3367 735 3371 ’
