2567 4042
520 195 746 267 *litfflllffl-

416 440 425 459 ,
528 405 655 469 CAPUT
677 406 735 469 lx.
841 426 846 437 ·

272 586 315 629 BE
336 586 437 631 tiliato
458 588 610 632 HORARUH
632 588 674 633 ET
696 588 737 631 DE
759 584 978 631 luvlmoulo.
1017 638 1021 649 1

132 786 135 789 ,
188 729 214 789 l.
237 729 466 794 OmnesHorae
488 734 648 793 canonicae
670 752 687 795 a
709 734 808 812 primo
822 730 972 791 versiculo
996 732 1101 806 psalmi

146 815 324 889 sexagesimi
341 816 428 881 noni,
452 816 530 875 Dens
551 816 585 873 in
599 815 787 896 adjutoriam
809 832 906 872 meam
921 812 1043 871 intende
1060 814 1101 873 in·

145 895 248 971 cipere
270 898 377 957 solent.
402 894 483 957 Huic
510 899 538 955 in
561 898 707 958 Matutino
729 914 849 958 uersum
873 894 999 953 Domine
1023 895 1102 955 labia

145 994 212 1036 mea
228 979 344 1057 operies
365 996 404 1037 ex
420 978 534 1055 psalmo
547 978 589 1039 50
611 981 777 1057 praemittit
798 976 931 1037 Ecclesia
954 974 1099 1036 Romana.

145 1056 262 1119 Primus
278 1065 392 1128 autem,
416 1062 468 1136 qui
491 1080 545 1137 pro
558 1062 681 1139 singulis
704 1059 796 1121 Horis
819 1060 897 1118 hanc
913 1059 1019 1135 psalmi
1035 1074 1102 1117 ora-

145 1140 257 1202 tionem
272 1140 353 1202 Deus
373 1145 407 1201 in
423 1141 611 1223 adjutoriam
625 1163 725 1203 nicam
739 1140 860 1203 intende
876 1140 1021 1207 adtribuit,
1046 1141 1102 1200 luit

144 1218 176 1280 S·
191 1222 382 1291 Benedictus,
394 1231 486 1300 atque
505 1227 595 1285 abeo
618 1225 697 1285 hunc
713 1226 803 1284 ritum
816 1222 949 1283 Romana
966 1222 1100 1282 Ecclesia

143 1306 268 1382 accepit,
286 1306 337 1367 sed
354 1324 424 1365 cum
448 1305 504 1366 hoc
525 1306 709 1374 discrimine,
726 1306 804 1381 quod
826 1304 856 1365 S.
870 1302 1046 1365 Benedictus
1062 1304 1099 1363 ad

142 1383 327 1449 Matutinum
350 1388 497 1448 recitabat
516 1387 596 1448 Dens
617 1391 653 1448 in
675 1388 860 1469 adjutoriam
882 1391 950 1445 ante
973 1386 1099 1461 Domine

142 1468 224 1527 labia
245 1487 331 1536 meo,
365 1468 480 1536 Romae
503 1489 614 1531 veroa
637 1469 952 1531 Dominelabianrea
984 1468 1098 1544 aperies

132 1550 287 1625 *incipitur
310 1549 450 1613 Divinum
474 1549 625 1613 Officium.
657 1551 802 1627 Quamvis
830 1548 934 1609 Oratio
957 1548 1037 1608 Deus
1066 1550 1100 1607 in

144 1630 332 1711 adjutoriam
364 1635 393 1693 in
421 1631 527 1693 Officio
548 1635 657 1695 Divino
688 1653 705 1693 a
728 1634 758 1695 S.
782 1632 943 1693 Benedicta
965 1631 1097 1708 primum

143 1712 262 1773 invecta
277 1713 343 1786 luit,
367 1717 418 1791 qui
441 1716 500 1776 hoo
523 1716 594 1778 iecit
615 1718 652 1777 ad
663 1717 854 1792 antiquorum
878 1712 1094 1773 Monaclrorum

134 1796 339 1872 exemplum,
365 1815 494 1871 quoram
518 1801 656 1861 meminit
676 1797 836 1859 Cassianus
862 1795 1024 1857 Collatione
1055 1814 1098 1853 se·

132 1876 255 1948 ,eandm
280 1877 331 1940 ubi
351 1880 414 1937 ait:
439 1877 580 1940 ,litatem
601 1878 807 1957 Paphnaiinra
828 1880 1010 1957 praecepisse
1031 1874 1097 1935 Mo-

141 1960 248 2017 aacliis
262 1962 324 2019 sais
344 1969 380 2021 at
392 1960 427 2019 in
440 1964 574 2023 omnibus
589 1962 667 2023 uitae
685 1978 756 2021 auae
771 1962 883 2019 actibus
898 1960 973 2018 hanc
985 1958 1097 2036 psal-mi

134 2043 399 2115 precatiunculam
420 2042 602 2104 addiderant.
626 2043 816 2104 Praedictum
840 2042 929 2125 ritum
953 2040 1097 2117 praescri-

133 2123 202 2196 ,psit
223 2122 313 2183 etiam
343 2122 511 2185 Concilium
534 2125 775 2203 Aqrrisgranense
807 2140 884 2181 anno
905 2122 979 2181 816.
1014 2118 1097 2179 Psal-

140 2219 210 2262 mus
223 2205 312 2265 Dens
334 2206 368 2263 ia
382 2204 583 2286 adjutoriam,
608 2214 642 2267 ut
657 2207 806 2283 colligitur
828 2222 864 2263 ex
880 2205 1008 2279 allegato
1020 2199 1096 2261 Con-

140 2283 210 2343 cilio
232 2285 466 2362 Aquisgrauensi
489 2289 653 2364 antiquitus
675 2294 753 2349 tolus
776 2287 968 2353 recitabatur,
993 2288 1094 2360 postea

140 2382 214 2425 vero
230 2370 348 2441 primus
364 2376 480 2429 tantum
496 2388 602 2429 uersus
624 2388 693 2429 cum
713 2369 818 2433 Gloria
835 2366 931 2434 Patri,
955 2373 986 2426 ct
999 2362 1095 2423 Arnen

140 2453 282 2510 serratus
298 2455 355 2509 est.
372 2449 499 2514 Difficile
521 2457 620 2513 tamen
637 2460 683 2513 est
704 2469 789 2529 posse
813 2459 928 2527 tempus
951 2448 1094 2524 assignari

140 2546 202 2605 quo
223 2530 303 2591 lacta
325 2538 373 2591 est
393 2532 485 2610 hujus
507 2534 583 2595 ritus
605 2536 701 2612 prima
724 2533 881 2600 institutio,
903 2536 1025 2609 propter
1048 2546 1094 2587 va·

140 2610 201 2669 rias
222 2618 252 2671 et
273 2616 424 2690 oppositas
445 2616 627 2691 scriptorum
647 2660 655 2684 ,
679 2616 728 2692 qui
751 2615 788 2673 de
810 2614 865 2673 lrac
888 2632 922 2672 re
943 2613 1094 2671 disserue-

141 2698 212 2754 runc
242 2698 416 2757 sententias.
451 2698 559 2773 Aptius
581 2703 682 2757 autem
707 2697 852 2774 principio
879 2695 970 2754 totius
997 2691 1093 2751 Officii

141 2776 349 2850 praeponitur,
367 2779 494 2839 Domine
509 2779 602 2848 labia,
620 2779 688 2854 quia
705 2796 757 2839 ore
772 2777 937 2836 laudandus
952 2779 997 2835 est
1014 2773 1094 2833 Deus

141 2872 211 2913 cum
234 2859 409 2919 recitatione
430 2859 553 2920 Ollicii:
585 2865 616 2921 et
637 2860 706 2936 qnia
731 2878 784 2937 per
806 2859 884 2917 diem
909 2873 1054 2934 vagamur
1076 2873 1094 2913 a

139 2932 226 3006 Deo,
261 2938 328 2999 ideo
348 2942 403 3000 sub
426 2948 541 3001 noctem
565 2941 694 3004 dicimus
715 2942 838 3017 aptius:
872 2938 1016 3000 Converte
1041 2956 1094 2998 nos

138 3014 221 3079 Deae
241 3025 300 3079 etc.
334 3019 393 3083 Per
414 3023 493 3082 diem
517 3028 618 3083 autem
642 3024 761 3099 saepius
786 3041 854 3083 cunr
878 3022 1006 3097 antiquis
1028 3017 1094 3078 Mo-

138 3098 244 3161 uachis
266 3102 418 3164 dicimus:
443 3105 577 3164 Daunia
600 3104 796 3185 adjutoriam.
822 3102 972 3178 Contingit
994 3102 1091 3165 enim,

137 3183 180 3243 ait
194 3182 426 3245 Turrecremata
450 3186 486 3246 ad
502 3186 650 3262 Regulam
672 3186 701 3245 S.
720 3186 884 3254 Benedicti,
911 3186 1006 3245 tribus
1028 3200 1093 3242 mo·

137 3263 183 3323 dis
207 3281 343 3340 peccare,
367 3268 484 3336 corde,
508 3286 560 3327 ore
582 3275 613 3329 et
633 3286 736 3342 opere.
761 3267 886 3327 Domine
900 3268 994 3335 latia,
1020 3266 1093 3325 dici·

137 3349 186 3405 tur
209 3350 312 3406 contra
337 3355 492 3423 peccatum
515 3351 598 3409 oris:
625 3348 785 3417 Converte,
810 3354 910 3409 contra
935 3353 1091 3423 peccatum

136 3427 259 3487 cordis:
284 3429 364 3490 Dens
387 3432 421 3490 in
442 3430 643 3511 adjutoriam,
671 3438 775 3493 contra
799 3435 955 3507 peccatum
979 3430 1089 3505 operis.

178 3506 217 3569 ΙΙ.
241 3509 267 3569 Α
291 3512 491 3573 saluberrimo
513 3514 597 3590 signo
618 3510 723 3574 Crucis
745 3531 852 3573 omnes*
869 3511 970 3571 Horas
991 3510 1091 3588 auspi-

135 3590 197 3650 cari
213 3591 356 3653 solemus.
379 3592 456 3655 Nam
479 3594 552 3653 dum
567 3594 713 3656 Sacerdos
729 3613 883 3657 sacrarum
900 3612 1022 3671 precum
1039 3592 1089 3651 ini-
