2567 4042
587 197 818 274 &386st-

226 335 272 396 ti:
296 329 460 392 Benedicat
482 335 542 392 etc.
565 347 644 406 quae
665 330 748 390 vaiet
768 333 873 388 eontra
896 327 1017 395 hasten,
1048 327 1088 387 ait
1108 325 1181 388 Tur·

225 419 395 477 recremata
428 415 458 472 in
480 411 599 490 Reputo
620 412 653 474 S.
677 408 830 470 Benedicti
855 405 955 470 Tenet.
981 407 1052 468 107.
1077 409 1180 469 Adhuc

228 501 258 558 in
274 493 332 554 fine
356 495 496 556 dicuntur
512 491 617 554 Oratio
639 493 795 552 Dominica
817 491 961 552 Salutatio
975 489 1130 566 Angeiica‚
1152 497 1181 549 et

229 577 405 658 Symbolum
428 576 642 654 Apostolorum
667 580 796 641 secreto,
822 579 884 634 turn
906 576 977 649 quia
994 573 1097 634 iisdem
1121 572 1181 632 riti·

227 663 284 732 hus
300 658 462 720 finiendum
475 662 520 718 est
535 664 631 718 totum
646 655 800 725 Officium,
818 657 925 732 quibus
937 664 984 716 est
999 657 1180 732 incoeptum,

227 751 292 806 turn
310 743 380 818 quia
403 743 432 802 in
447 739 507 800 fine
523 741 625 801 mnndi
642 743 777 816 ternpore
792 737 969 798 Antichristi
984 755 1038 798 ora
1053 737 1182 798 tideiinnr

229 825 420 896 claudentur,
445 829 475 883 et
490 827 608 882 secreto
623 820 722 882 Deum
738 822 867 880 orabunt
887 823 928 880 ita
942 821 1104 880 Durnndus
1117 817 1182 880 Lib.

229 905 272 978 IV
295 905 369 982 Cap.
393 903 446 966 26.

587 1065 716 1129 CAPUT
739 1065 823 1126 Vlil.

241 1249 284 1308 DE
305 1247 466 1294 nanturra
487 1245 664 1305 neuturus,
687 1246 905 1292 SALUTATIONE
925 1246 1107 1306 taunuco,
1130 1244 1169 1289 BT

499 1328 644 1376 SYMBOLO
667 1328 909 1374 apostatantur«.

251 1473 293 1536 Ἰ.
315 1472 461 1556 Quamvis¹
492 1478 521 1536 in
544 1476 675 1551 antiquis
696 1476 858 1536 Breviariis
881 1475 1051 1551 reperiatur
1075 1474 1127 1534 iric
1147 1474 1185 1533 ri-

228 1563 275 1619 tus
297 1559 433 1616 sumendi
457 1555 574 1619 initium
590 1557 691 1618 Officii
713 1557 812 1618 Divini
835 1558 872 1616 ab
887 1556 1031 1618 Oratione
1053 1556 1183 1616 Domini·
1248 1554 1249 1625 ξ

227 1658 274 1710 oa,
292 1637 485 1700 nitritoruinus
500 1640 586 1699 iateri
604 1641 752 1717 cogimur,
769 1639 848 1716 quod
863 1639 1004 1700 Monaciri
1022 1639 1112 1712 primi
1125 1637 1186 1698 iue-
1219 1666 1224 1678 ·
1248 1654 1249 1659 ’

227 1726 309 1785 runt,
334 1724 385 1796 qui
410 1723 437 1780 id
460 1729 655 1798 usurparunt,
681 1723 857 1799 uultumque
874 1719 1003 1798 hujusce
1026 1719 1116 1781 Ritus
1138 1738 1186 1780 te·
1248 1744 1249 1747 ¹

228 1802 350 1880 stigium
367 1802 517 1864 invenitur
533 1808 600 1863 ante
617 1803 726 1864 tibrum
742 1804 999 1865 Consuetudinuur
1010 1799 1186 1862 Cistercien-
1248 1846 1249 1853 .

230 1885 330 1954 sium,
356 1886 406 1944 ubi
429 1885 503 1946 haec
527 1886 677 1945 habentor
699 1883 774 1962 Cap.
800 1885 856 1946 68:
881 1885 1011 1947 Dimisso
1039 1880 1185 1968 Officiisi·
1248 1918 1249 1961 3

230 1984 297 2045 pao,
322 1969 485 2028 orationem
508 1985 597 2047 snper
618 1967 847 2028 misericordias
868 1968 1006 2044 faciunt,
1033 1965 1111 2028 idest
1132 1964 1187 2025 Pa·

229 2059 276 2109 ter
298 2055 405 2119 noster,
431 2059 457 2108 et
482 2048 578 2110 Credo
600 2050 753 2118 inDcnm,
777 2059 942 2128 antequam
963 2067 1085 2108 oeream
1109 2049 1186 2108 Dens

230 2133 264 2190 in
287 2127 479 2209 adjutoriam
502 2129 669 2190 decantent.
704 2129 737 2189 id
761 2149 835 2192 vero
866 2134 895 2190 in
919 2131 1000 2191 nulia
1023 2130 1187 2190 Monostica
1248 2154 1249 2185 ς

229 2211 345 2288 Regula
368 2211 399 2271 X
421 2211 465 2272 Xl
489 2213 534 2272 vei
557 2210 617 2272 Xll
640 2212 750 2274 saecuti
773 2215 918 2281 occurrit,
943 2231 1042 2289 neque
1065 2214 1095 2272 in
1119 2213 1187 2272 Bre-

229 2293 324 2354 viario
340 2287 450 2354 Montis
464 2292 561 2354 Casini
573 2293 620 2354 Xi
643 2294 767 2366 saecuti,
792 2314 890 2371 oeque
907 2296 935 2353 in
951 2295 1107 2354 veteribus
1121 2311 1187 2355 con·
1248 2300 1249 2343 ἲ

221 2375 439 2436 ·suetndinibus
461 2376 734 2447 Cluniaoensibus;
768 2378 879 2453 ubique
901 2378 982 2436 eninr
1005 2376 1116 2436 Officio
1136 2375 1186 2436 ini·

231 2457 307 2518 tium
330 2457 419 2517 datur
435 2457 492 2518 ittis
509 2460 629 2520 verbis:
655 2457 736 2518 Deae
756 2460 792 2518 in
806 2459 1005 2540 adjutoriam.
1029 2458 1090 2520 Sed
1113 2463 1186 2536 post·
1248 2516 1249 2521 ,

232 2556 322 2614 quam
346 2536 439 2600 Potae
460 2546 528 2600 ante
550 2540 690 2600 Officium
715 2541 834 2600 recitari
862 2543 1041 2609 consuevit,
1074 2538 1187 2618 regulas

230 2620 333 2680 videre
357 2627 427 2693 est,
452 2641 529 2698 quae
552 2623 625 2682 iilud
649 2640 718 2682 curn
742 2624 808 2682 aiiis
830 2623 968 2699 precibus
1000 2627 1049 2684 ter
1069 2620 1187 2684 recitari

230 2700 366 2780 jubeant,
391 2703 578 2780 tegimusque
594 2703 757 2766 Monachos
778 2708 847 2764 ante
863 2704 996 2767 officium
1007 2707 1120 2766 ,omnia
1134 2701 1185 2763 Bc·

233 2783 340 2844 clasiae
364 2785 469 2846 altaria
492 2787 690 2865 percurrisse,
714 2792 805 2862 atque
827 2804 929 2846 coram
953 2788 1079 2866 singuiis
1100 2785 1186 2846 Pata

233 2866 401 2938 recitasse,
425 2887 502 2945 quae
531 2886 579 2928 res
600 2867 761 2946 aliquando
784 2867 883 2928 Officii
908 2870 1027 2930 initium
1052 2869 1187 2929 moraba-

218 2952 296 3008 tur.
315 2947 429 3010 Verum
452 2949 544 3027 hujus
566 2952 685 3028 generis
706 2951 938 3027 supplicationes
958 2957 1051 3028 atque
1073 2949 1186 3030 pietatis

234 3046 326 3106 opera
348 3031 459 3092 abolita
482 3031 585 3101 inere,
610 3037 819 3108 statutumque
840 3032 908 3103 init,
933 3038 967 3093 ut
987 3052 1043 3093 suo
1064 3035 1185 3110 quisque

233 3110 300 3171 loco
324 3114 352 3170 in
369 3112 470 3174 Choro
492 3133 544 3176 eas
565 3133 672 3190 preces
694 3116 846 3185 recitaret,
878 3115 950 3175 dum
972 3115 1127 3177 celebrans
1145 3110 1184 3174 oi·

232 3189 338 3254 ficium
363 3195 521 3274 inciperet.
545 3194 630 3258 Hinc¹
650 3198 678 3256 iu
701 3195 971 3259 Carthasianorum
993 3197 1132 3258 Rubricis
1146 3195 1184 3254 ia*

233 3275 331 3335 cultas
353 3276 441 3338 datur
463 3277 576 3346 Pater,
608 3284 640 3340 et
663 3275 723 3339 Aca
746 3285 792 3340 ter
814 3285 883 3338 ante
916 3277 1098 3340 Matutinurn
1118 3275 1182 3336 reci·

237 3357 319 3416 tandi
342 3359 483 3421 inclinato
506 3379 658 3438 corpora,
682 3361 730 3421 vet
752 3359 839 3422 flexis
861 3361 997 3436 genibus.
1024 3355 1183 3422 initiatio

236 3452 342 3496 rarum
365 3440 474 3501 dicitur
495 3445 532 3504 ad
554 3444 726 3504 animorum
751 3445 1029 3523 praeparationem.
1054 3450 1088 3505 nt
1108 3455 1181 3503 mene

237 3519 373 3580 oratione
397 3531 564 3594 serenetur,
589 3532 620 3588 et
634 3527 722 3604 digne
744 3527 774 3586 in
796 3524 903 3586 Officio
925 3545 994 3588 curn
1010 3525 1074 3587 Deo
1093 3527 1182 3601 toqoa·
1248 3576 1249 3581 ,

234 3603 296 3676 tur.
321 3597 353 3663 ln
377 3601 436 3666 fine
459 3624 544 3680 vero,
568 3625 604 3670 ne
627 3606 763 3671 diabotus
785 3609 822 3670 de
845 3611 936 3672 corde
957 3609 1183 3672 Sacerdotium·
