2567 4042
493 214 718 286 ΜΒΝ*

126 345 260 423 Epistoia
282 344 324 403 62
344 360 412 403 earn
434 341 564 420 appeiiat
586 339 723 420 alodium
744 343 923 420 spiritatem,
946 341 1076 420 quomu-

123 427 217 507 pcrbi,
234 435 463 487 incontumaces
478 432 638 493 necantur,
652 422 725 484 dum
748 421 783 482 dc
800 419 931 484 &cisun
953 426 1078 503 ojiciuu

123 519 190 570 tur.
206 507 333 582 Quare,
357 523 428 568 cum
449 507 590 576 rationis,
613 511 645 566 et
665 505 826 580 aequitatis
848 505 994 582 principia
1017 516 1080 565 stra-

127 591 235 657 deant,
261 605 390 667 poenam
411 605 484 650 essa·
497 587 801 648 commensurandam
824 588 953 664 culpae,
977 593 1081 663 cipro

121 673 236 750 'uctpae
253 651 603 749 modoimponcndam
628 687 815 746 consequens
835 669 904 730 inde
924 674 986 732 cst,
1010 685 1083 728 non-

129 755 184 814 nisi
209 760 336 830 propter
362 753 533 832 graviorem
563 751 683 828 colpam
705 768 770 812 esse
783 750 1083 815 sexcemmuuicatie-
1173 763 1179 774 ·

128 852 198 896 cern
211 835 379 896 terendam.
393 835 427 895 ld
441 833 623 912 jampridem
638 833 794 894 edixerant
804 831 971 894 Concilium
989 833 1083 894 Aure

27 981 28 984 ,
127 918 261 978 tianense
273 915 313 988 V,
330 913 585 987 comacina,
603 921 634 977 ct
649 915 839 976 Arvernense
851 914 892 984 ii,
915 914 1002 992 paulo
1019 917 1084 990 post

125 999 338 1078 celebratum,
360 997 436 1059 Can.
460 999 572 1074 pariter
594 997 615 1056 2
636 996 731 1057 rotato
752 1015 770 1057 a
790 995 933 1058 Gratiano
955 999 984 1056 in
1007 995 1079 1069 Can.

123 1081 169 1140 itu
184 1080 219 1140 ‘Il
235 1086 357 1156 quaest.
371 1079 402 1150 3,
426 1084 457 1140 et
477 1078 646 1140 Concilium
667 1080 832 1149 Meideossu
845 1081 915 1140 anni
930 1077 992 1140 ste
1007 1076 1080 1139 Cau.

108 1159 273 1223 'timiam
294 1161 352 1222 ntia
373 1158 504 1221 Coooiiia
532 1161 642 1222 aiterre
670 1173 813 1238 possem,
844 1161 954 1238 quibus
981 1161 1084 1221 admo

126 1249 237 1306 nentur
252 1241 368 1320 toassin]
391 1242 566 1311 antistites,¹
583 1259 695 1319 nepm
717 1239 948 1319 proclivitatem,-
972 1259 1008 1302 ac
1022 1243 1086 1303 tre-

127 1327 281 1402 quentiam
297 1324 437 1386 terendae
452 1325 787 1393 ‘excommonicationis
804 1325 993 1384 occasionem
1017 1341 1085 1384 oon-

129 1405 281 1487 temnendi
296 1424 439 1468 censuras
453 1404 537 1466 iaicis
556 1405 746 1483 potissimum
764 1407 939 1484 praebeant:
965 1406 1015 1466 sed
1038 1411 1086 1466 sat

124 1490 189 1548 'erit
211 1488 356 1558 hocloco
378 1487 546 1548 describere
568 1489 716 1547 monitum
739 1487 864 1558 Patrum
884 1485 1007 1547 Concilii
1023 1487 1086 1548 Tri-

128 1570 242 1631 dentini
271 1572 322 1648 qni
350 1569 487 1630 sessione
509 1567 606 1630 XXV
632 1567 774 1646 Cap.'1‘·l·l
797 1571 840 1630 Dc
862 1569 1084 1647 Rescrmotiooc

129 1653 205 1712 haec
222 1652 345 1712 habenta
367 1649 512 1726 Quamvis
535 1653 849 1712 excommunicationis
870 1650 1001 1730 clodius,
1018 1661 1085 1711 ucr-

129 1751 185 1794 ous
205 1737 244 1795 cit
267 1731 491 1794 Ecclesiasticus
501 1727 710 1810 *discipinam
734 1745 761 1794 ct
783 1733 824 1794 ori
845 1728 1087 1795 conticinium

127 1813 219 1898 efficio
237 1816 363 1895 populos
383 1813 468 1874 coldo
489 1815 644 1882 solutoris,
667 1815 761 1874 sotric
782 1825 893 1882 tomen,
919 1831 1087 1894 mannaque

130 1913 200 1957 oum
223 1897 484 1976 circumspectione
505 1893 689 1957 runcandus
710 1907 760 1956 cst.

142 2021 146 2027 .
172 1976 212 2038 ΙΙ..
235 1977 426 2056 Triplex-est
445 1975 742 2046 excommunicatio,
767 1977 931 2047 videlicet,
963 1979 1084 2044 minor«,

130 2059 240 2138 major,
265 2068 296 2122 et
317 2061 490 2121 anathema.
505 2061 605 2122 Minor
626 2057 919 2128 Excommnnioatio,
946 2075 984 2118 ex
1007 2075 1088 2118 corn-

131 2144 214 2202 muni
225 2141 464 2219 Theotogorum‚
481 2147 512 2202 et
526 2139 669 2204 Canonici
684 2138 765 2200 Juris
783 2141 997 2202 Consuttorum
1020 2155 1085 2198 scn-

130 2225 224 2284 tentia
245 2225 411 2284 incurritur
432 2230 553 2303 propter
577 2223 882 2284 communicationem
911 2241 981 2282 curn
1004 2221 1088 2279 inno-

129 2306 200 2366 dato
222 2306 332 2383 majori
355 2306 664 2366 excommunicatione
688 2322 853 2382 perquam
876 2304 983 2380 aliquis
1005 2319 1088 2363 asu-

130 2388 290 2465 scipiendis
312 2385 538 2455 Sacramentis,
569 2386 799 2462 obtinendisque
821 2385 978 2447 Beneficiis
1001 2401 1087 2444 arcc-

129 2475 192 2530 tnr.
216 2466 300 2529 Haec
322 2470 615 2537 excommunicatio,
639 2467 793 2528 veteribus
816 2469 902 2546 piane
926 2468 983 2528 init
1007 2467 1086 2524 inco-

130 2552 223 2630 gnita.
247 2549 324 2610 Sunt
345 2551 425 2613 enim
447 2552 498 2627 qui
521 2551 703 2633 existimant,
727 2550 856 2626 primam
878 2551 947 2630 ejus
967 2563 1086 2610 excom-

129 2633 340 2693 municationis
363 2633 546 2692 mentionem
568 2629 635 2692 fieri
655 2632 685 2691 in
706 2628 778 2708 Cap.
805 2631 929 2700 ultimo,
954 2631 999 2690 Dc
1022 2629 1087 2690 Cte-

131 2716 198 2775 rico
219 2716 486 2782 excommunicate,
503 2711 642 2789 deposito,
660 2714 705 2774 oct
726 2711 884 2774 interdicto
911 2713 1088 2772 ministran-

132 2807 184 2865 te,-
206 2797 337 2872 itemque
372 2797 401 2854 in
423 2792 496 2877 Cap⁴
514 2793 550 2855 at
570 2812 663 2872 quem·
679 2793 751 2854 LIX
772 2793 816 2854 Dc
841 2795 995 2857 Sententia
1022 2789 1089 2852 Ec-

133 2877 425 2938 communicotionis.
449 2875 504 2936 Est
524 2877 646 2952 quidem
669 2877 826 2952 utriusque
847 2875 1012 2936 Decretaiis
1027 2871 1089 2934 Au-

133 2965 201 3020 ctor
221 2959 387 3036 Gregorius
409 2955 467 3018 tx.
484 2957 673 3018 Christianus
695 2957 806 3034 Lupus,
829 2956 924 3017 Turno
952 2955 982 3017 ΙΙ
1010 2953 1089 3031 Ope-

133 3057 228 3107 rum.
259 3041 288 3102 in
317 3040 548 3100 dissertatione:
570 3038 616 3098 >Dc
636 3039 798 3100 latrocinio
828 3037 986 3118 finierim,
1015 3034 1086 3112 Cap.

134 3118 178 3181 W
199 3128 359 3198 postquam
382 3121 526 3181 describit
546 3121 892 3190 excommunicationis,
924 3123 954 3180 et
972 3119 1089 3194 'deposi-

137 3199 453 3270 rtoniecenamtiam
476 3219 570 3279 quam
591 3203 623 3264 S.
648 3199 808 3262 Ftauianns
831 3202 976 3262 adversus
997 3197 1090 3278 Euty-

125 3284 256 3346 meum
271 3284 373 3353 edidit,
386 3285 433 3366 ‘ita
446 3283 549 3344 statim
564 3284 705 3364 subicit:
723 3281 898 3362 Antiquitas
912 3281 1090 3342 cutmmrlto

117 3375 202 3426 ⁴mut
223 3365 491 3426 eucommunicotio
513 3368 620 3435 minor,
637 3363 688 3426 scd
710 3365 807 3443 quiuis
829 3364 1088 3448 incommunicato

136 3443 360 3515 communicans
380 3447 555 3508 incurrebat
576 3444 657 3508 idcm
677 3448 795 3524 penitus
818 3447 991 3516 uinculum,
1020 3463 1090 3523 quo-

134 3527 225 3587 modo
238 3547 318 3588 nuuc
339 3531 561 3590 communicans
575 3527 761 3588 incrimine.
779 3526 938 3590 Praeterea
953 3524 1089 3588 commu-

136 3610 269 3671 nicantes
289 3627 361 3670 curn
383 3607 640 3671 excommunicato
658 3607 777 3687 majori
805 3610 1090 3672 excommunicatio-
