2567 4042
615 166 839 243 11037οβ

253 295 341 357 lectio
355 314 372 359 e
387 294 541 374 Scriptura
561 298 654 375 petita
669 297 788 375 legitur.
811 296 844 357 ln
866 294 981 371 Regula
997 293 1031 357 S.
1050 293 1222 359 Aureliani

252 380 432 441 durescant
447 381 596 449 lectiones,
611 396 648 440 ox
663 378 749 441 Novo
762 398 832 449 una,
850 396 887 439 ex
908 378 1013 439 Veteri
1037 378 1147 437 altera
1164 374 1222 435 Te·

252 466 410 521 etantanto.
428 458 461 521 lu
482 460 615 539 Magistri
638 460 754 539 Regula
779 462 855 523 duas
881 478 1002 538 quoque
1019 465 1111 523 suut.
1132 476 1173 517 ex
1187 456 1217 517 S.

253 540 355 609 Paulo.
378 549 465 619 atoue
479 561 517 605 ax
533 544 696 622 Evangelio
711 550 881 623 excerptam
895 540 1119 617 Evangelicam
1144 557 1218 599 vero
1253 588 1254 623 p

251 625 354 687 Abbas
375 626 475 703 legero
496 627 619 688 solebat.
950 676 953 685 .
1253 644 1254 701 j

293 706 347 768 tv.
364 705 490 785 Capituli
505 708 635 771 officium
651 709 759 771 dicitur
773 707 916 784 quidquid
929 708 964 767 ad
977 706 1124 765 Primam
1141 704 1217 767 roci·

252 792 334 851 tatur
349 795 415 863 post
435 791 599 851 orationem
620 792 701 853 Deva
722 792 907 869 omnipotens
929 808 1021 865 usque
1046 788 1085 847 ad
1106 785 1214 852 finem,
1253 828 1254 869 p

252 872 323 945 quia
335 870 365 931 id
390 871 419 930 in
432 869 569 949 Capitulo
583 873 748 942 dicebatur,
776 872 829 933 ubi
845 880 914 933 tono
929 868 1107 931 Conventus
1121 868 1216 927 habe·
1253 874 1254 899 ³

251 949 351 1015 batur.
377 949 548 1030 Capitulum
574 956 656 1015 locus
670 961 735 1016 erat
750 955 888 1016 Claustra
902 953 1061 1029 contiguus
1076 992 1084 1015 ‚
1117 956 1216 1026 atquo

251 1032 429 1109 plerumque
444 1036 481 1093 ad
493 1034 559 1113 ejus
574 1035 757 1097 Orientalem
775 1036 903 1113 plagam,
919 1042 952 1095 ut
962 1035 1071 1095 Petrus
1084 1032 1214 1093 Blesen·

252 1114 293 1173 tis
308 1112 404 1174 Serm.
421 1114 462 1177 25
476 1119 645 1179 adnotavit:
670 1116 717 1178 At
743 1116 894 1179 Orientem
914 1119 949 1176 ia
972 1115 1122 1195 Capitale
1149 1132 1214 1175 cor-

251 1196 341 1257 rectio
360 1194 560 1261 Mototiaolis.
586 1198 765 1279 Congregati
779 1218 883 1261 omnes
898 1207 986 1276 atque
1002 1200 1030 1257 in
1048 1215 1156 1261 uuum
1173 1213 1214 1255 se·

253 1277 355 1339 dentes
378 1279 415 1339 ad
430 1291 514 1341 actus
528 1284 708 1358 capitulares
724 1282 934 1359 procedebant,
952 1298 989 1339 ex
1011 1278 1133 1355 quibus
1152 1283 1213 1337 tres

251 1359 408 1421 dumtaxat
433 1371 581 1424 memorat
604 1362 781 1441 lladolpbus
796 1363 976 1441 Tungrensis
998 1363 1027 1421 in
1050 1360 1155 1421 Libro
1179 1360 1214 1421 do

258 1438 455 1507 Obseruantia
485 1444 653 1509 Curionum.
669 1445 709 1506 Io
724 1444 815 1588 optio
839 1454 937 1505 nutem
964 1442 1103 1519 Capituli
1136 1440 1216 1520 quod

251 1523 286 1604 fit
301 1535 371 1601 post
387 1522 523 1586 Primam
543 1528 620 1606 fiunt
634 1530 713 1588 tria:
763 1529 839 1589 rimo
860 1528 1004 1586 memorio
1019 1523 1213 1585 Sanctorum

251 1606 287 1665 ia
300 1607 474 1667 recitatione
495 1607 708 1687 Martyrologii
729 1629 797 1671 cum
819 1606 1070 1682 cerauPretioso.
1098 1616 1131 1665 et
1155 1605 1214 1671 Ca·

247 1688 345 1765 pitulo
362 1685 471 1748 &ncta
487 1688 603 1751 Murio.
626 1690 760 1752 Secundo
775 1693 915 1751 memorio
931 1687 1165 1765 Defunctorum
1180 1688 1213 1744 ia

252 1770 471 1833 oooioorsoriis
485 1772 647 1833 recitandis
663 1793 729 1835 cum
745 1771 887 1835 Μὶεανανα
903 1771 961 1831 mci
982 1770 1072 1838 Deus,
1100 1779 1131 1828 ct
1152 1768 1212 1827 coi-

252 1850 343 1911 lectis.
358 1849 456 1911 Tertio
468 1854 540 1931 patio
555 1864 626 1915 tunc
640 1854 682 1913 od
697 1856 807 1915 labores
819 1854 943 1923 diurnos
955 1850 1148 1930 praeparari
1164 1849 1212 1907 dt·

251 1933 358 2001 bemus,
382 1932 500 1995 addunt
517 1932 618 2013 preces
633 1947 828 2013 congruentes
851 1934 973 1995 dicendo
988 1942 1050 1991 ter:
1073 1930 1162 1991 Deus
1178 1932 1209 1990 io

252 2013 450 2095 adjutorium.
475 2016 532 2077 Sed
555 2020 766 2095 multoplures
782 2015 966 2093 Capitulares
990 2020 1076 2075 aetus
1099 2030 1208 2073 recen·

252 2114 320 2157 sere
335 2115 507 2175 possumus.
525 2097 624 2159 Primo
639 2099 811 2161 Lectionem
826 2098 1033 2177 Martvrplogii
1049 2114 1120 2157 cum
1138 2093 1207 2153 Col·

252 2178 328 2239 lecta
352 2181 498 2257 seqrventi.
526 2180 663 2243 &eundo
688 2181 785 2241 Divini
801 2182 1015 2253 invocationem
1038 2177 1143 2236 auxilii
1169 2173 1204 2233 ad

251 2261 457 2337 reliquossdiei
471 2267 555 2323 actus
570 2282 622 2341 per
636 2266 673 2324 p,
691 2262 771 2323 Deus
791 2265 825 2322 in
846 2262 1033 2343 adjutorium
1050 2264 1111 2320 etc.
1128 2257 1204 2317 Ter·

253 2344 294 2403 tio
321 2341 492 2413 Lecdsacm
516 2343 648 2421 Regulos
674 2355 726 2406 aut
748 2343 873 2421 alicujus
898 2343 1059 2405 Humiliae.
1085 2338 1203 2412 Quarto
1255 2378 1256 2383 η

253 2422 575 2489 Commemoationem
586 2427 795 2488 detunctorum
811 2433 840 2486 et
855 2426 1078 2487 benefactorum
1093 2440 1147 2499 per
1162 2421 1201 2479 le·

252 2508 382 2567 ctionem
398 2505 585 2586 t'lecrologii.
607 2509 719 2583 Quinto
739 2506 1059 2569 Commemorationem
1075 2502 1200 2563 Beneia·

253 2593 368 2648 storum
381 2592 546 2651 tivantium
558 2608 628 2651 oum
644 2591 793 2667 precibus.
810 2588 900 2650 Sento
914 2588 1093 2647 Officialiurn
1117 2584 1201 2644 insli-

252 2670 545 2750 tutionem.Scptimo
556 2673 714 2748 culparum
726 2672 954 2731 correctionem.
964 2669 1078 2729 Octavo
1090 2665 1201 2727 laboris

253 2750 461 2829 injuctionem.
480 2752 615 2832 Denique
640 2753 685 2813 bis
701 2754 837 2814 omnibus
850 2752 985 2829 peractis,
1004 2754 1159 2827 surgentes
1181 2763 1198 2805 a

251 2828 387 2910 capituto
401 2837 531 2912 quinque
548 2855 601 2912 pro
614 2835 767 2897 Delnnotis
783 2836 910 2913 psalmos
923 2830 1200 2911 decantabantgsci-

251 2914 320 2976 licet
354 2914 445 2977 Verbo
475 2936 542 2977 mco
562 2937 568 2975 :
591 2909 718 2978 Domini
740 2936 776 2977 na
797 2919 831 2976 in·
852 2916 978 2993 furore:
1002 2915 1107 2975 Dilerci
1128 2930 1200 2991 φια-

251 2996 356 3057 nan:
384 2999 510 3063 Credidi
531 3006 562 3060 et
587 2998 629 3059 Da
639 2999 824 3079 profundis:
846 3006 879 3059 ut
895 2997 1100 3072 praescribunt
1123 2994 1198 3071 Con·

251 3078 355 3140 cilium
369 3080 514 3141 Dunstani
536 3083 779 3157 atquoantiquae
804 3080 983 3141 Germaniae
1004 3074 1198 3138 Consuetudi-

251 3178 304 3222 nes
326 3165 557 3239 manuscriptae.
575 3163 690 3235 Quibus
712 3162 814 3233 finitis,
832 3164 947 3238 pulsata
969 3159 1080 3225 tabula,
1098 3159 1194 3217 mitte·

249 3240 403 3304 banturad
414 3263 521 3322 opera3
535 3249 565 3305 et
577 3244 624 3303 bic
635 3252 681 3307 est
692 3245 815 3305 ultimus
826 3242 952 3319 Capituli
965 3249 1058 3301 actus.
1071 3237 1193 3312 Quando

219 3386 226 3400 ,
247 3326 329 3401 aput
345 3332 463 3387 veteres
478 3326 642 3387 Mouaobos
657 3328 740 3389 labor
752 3329 790 3387 sit
805 3325 925 3385 babitus
943 3326 970 3383 in
988 3324 1105 3401 pretio,
1130 3321 1194 3399 qui·

249 3406 306 3467 bus
321 3409 359 3468 de
375 3411 473 3469 causis
497 3410 536 3469 ab
550 3410 586 3468 iis
600 3410 640 3469 sit
655 3410 827 3475 institutus,
850 3414 921 3483 quot
937 3407 1025 3465 horas
1047 3406 1074 3462 in
1091 3422 1126 3481 eo
1139 3405 1193 3463 in-

243 3491 427 3564 penderent,
435 3492 544 3565 quibus
555 3491 684 3567 denique
696 3490 835 3566 operibus
847 3490 1030 3566 potissimum
1039 3491 1188 3556 vacarent,

243 3569 278 3632 itt
290 3566 516 3633 Commeotario
531 3572 569 3631 ad
583 3570 728 3647 Regulam
751 3570 781 3630 S.
798 3570 949 3633 Benedicti
964 3567 1034 3645 Cap.
1053 3566 1092 3627 ts
1106 3567 1189 3645 expli·
