2567 4042
480 210 541 273 ἢ»
563 201 623 262 113
644 209 704 271 tideo

110 348 211 409 quam
237 330 379 391 describit
400 330 587 410 Tangmarus
607 296 770 411 Presbyter
801 312 838 391 in⁵
852 333 914 393 rita
937 330 968 393 S.
992 332 1066 395 lier-

116 412 209 475 nardi·
226 411 495 475 Hildeshcimensis
516 411 668 493 Episcopi.
697 414 733 473 ln
748 416 976 475 consecratione
998 414 1068 497 Vir-

113 496 225 574 ginem
244 492 412 571 Episcopus
433 514 501 557 cum
524 515 667 559 manuum
685 497 874 573 impositione
903 515 993 557 unam
1015 505 1069 559 aut

116 578 221 656 plures
242 576 392 638 orationes
414 579 641 655 pronunciabat.
666 576 793 656 Expleta
816 580 974 650 oratione,
997 580 1068 657 Epi·

116 676 229 736 scopus
249 659 354 721 velum
374 661 465 736 capiti
485 660 616 736 Virginis
639 661 820 737 imponebat.
838 661 981 738 Tuncque
1004 662 1069 721 uni-

116 758 227 803 rersus
248 742 445 802 circumstans
468 742 597 819 populus
618 741 805 806 acclamabat
826 742 931 803 Amen.
1043 786 1049 797 .

162 821 219 883 IV.
234 822 377 885 Alienum
398 822 534 901 proiecto
556 842 574 883 a
591 832 691 886 nostro
706 826 840 887 instituto
855 843 914 885 non
929 824 987 885 erit
1003 840 1069 905 my-

117 906 211 965 sticas
225 904 371 980 quasdam
387 906 646 983 interpretationes
665 908 744 967 circa
759 908 860 968 velum
876 907 1066 967 subnectere.

117 984 222 1047 Primo
243 986 346 1070 itaque
377 1004 432 1065 per
452 988 512 1047 reli
534 985 753 1068 impositionem
777 989 948 1067 designatur
968 989 1072 1055 mundi

120 1073 326 1143 contemptus,
349 1074 384 1131 ui
405 1088 442 1128 ex
463 1070 529 1147 ipsa
549 1070 745 1148 impositionis
765 1072 825 1131 veli
847 1072 981 1131 oratione
1003 1086 1071 1131 con-

74 1227 77 1232 ·
118 1154 192 1211 stat.
215 1146 355 1211 Secundo
369 1150 492 1211 denotat
513 1154 615 1213 velum
631 1154 859 1233 subjectionem,
877 1170 967 1230 quam
987 1168 1073 1215 sacra

119 1233 214 1309 Virgo
236 1250 308 1309 erga
323 1232 471 1311 Sponsum
494 1252 582 1294 suurn
597 1232 701 1296 iesum
716 1233 870 1295 Christum
893 1234 1007 1295 habere
1023 1236 1074 1297 de-

119 1314 184 1376 bet.
207 1312 313 1375 Tertio
335 1316 508 1391 designatur
540 1322 571 1376 et
592 1316 656 1393 ipso
678 1318 851 1385 velamine,
885 1317 964 1393 quod
993 1324 1075 1380 casto

120 1414 225 1458 amore
247 1396 320 1458 Iesu
334 1396 458 1457 Christo
480 1402 635 1484 tamquam
651 1398 767 1477 Sponsa
786 1400 879 1459 velint
894 1399 1073 1471 adhaerere,

120 1485 152 1539 et
174 1478 248 1537 nihil
271 1478 351 1538 aliud
384 1479 414 1537 in
437 1481 626 1559 consortium
648 1484 759 1541 amoris
781 1482 952 1541 admittere.
981 1479 1074 1543 Porro

121 1560 193 1620 addi
207 1580 212 1589 ¹
227 1566 258 1620 et
280 1560 315 1620 iis
336 1566 436 1639 potest
468 1562 792 1639 interpretationibus,
818 1579 903 1623 sacro
924 1560 1074 1638 velamine

120 1642 228 1701 donari
250 1640 417 1720 Virgines,
440 1649 475 1703 ut
496 1661 551 1722 per
574 1643 645 1705 illud
670 1644 798 1723 Spiritus
820 1644 947 1705 Sanctus
968 1662 1074 1723 super·

114 1724 226 1785 'veniat
247 1726 277 1786 in
298 1744 351 1786 eas
375 1731 616 1786 contra'acstum
633 1727 781 1789 malarum
802 1728 1011 1805 tentationum,
1029 1727 1074 1787 uti

122 1805 257 1866 hahetur
276 1809 308 1865 in
329 1807 459 1868 lormula
483 1807 650 1869 traditionis
672 1808 732 1869 veli
760 1806 846 1887 juxta
869 1804 1074 1871 Pontificalem

123 1886 197 1948 Mss.
221 1886 361 1949 Codicem
385 1886 538 1949 Ecclesiae
560 1890 710 1951 Berensis.

163 1968 205 2029 V.
235 1969 323 2043 Quod
342 1989 417 2033 vero
449 1972 486 2031 ad
508 1970 662 2033 Ecclesiae
685 1970 858 2055 Catholicae
881 1974 1072 2034 consuetudi-

38 2054 40 2058 '
125 2068 195 2111 nem
218 2060 356 2129 spectat,
379 2072 438 2129 qua
460 2051 599 2130 Virgines
621 2054 685 2115 Deo
708 2055 927 2114 consecrandae
950 2052 1072 2115 tonden-

125 2140 201 2205 tur3
227 2134 344 2196 diversa
365 2132 491 2196 luerunt
513 2137 567 2195 hac
589 2138 619 2195 io
640 2155 674 2198 re
696 2136 862 2211 antiquitus
884 2136 1073 2198 diversarum

126 2213 331 2277 Ecclesiarum
354 2218 499 2277 instituta.
522 2216 556 2276 ln
579 2218 728 2298 Aegypto,
752 2221 782 2277 et
803 2216 943 2295 lnSyria
966 2218 995 2276 id
1016 2238 1073 2281 usu

125 2296 220 2358 fuisse
235 2306 404 2375 receptum,
422 2298 453 2359 S.
468 2297 674 2379 Hieronymus
690 2299 853 2376 perspicue¹
864 2304 989 2360 testatur
1002 2297 1074 2382 Epi-

126 2381 206 2439 aloia
226 2377 363 2443 XLVIII
384 2380 425 2439 ad
451 2378 650 2441 Sabinianum
671 2382 813 2442 scribens.
838 2380 1073 2445 Tabennesiotas

12 2469 13 2488 ²
42 2452 45 2457 ’
121 2459 295 2537 Virgines,
319 2481 395 2539 quas
418 2462 448 2524 S.
473 2462 654 2525 Pachomius
677 2465 714 2524 ab
736 2461 850 2543 Angelo
878 2464 1008 2523 monitus
1030 2465 1075 2524 in·

12 2585 13 2602 2
109 2539 249 2614 stant,
273 2545 370 2605 crines
391 2551 550 2623 amputare
571 2545 798 2612 solitasluisse,
821 2550 927 2606 auctor
941 2544 1073 2621 est‘Pal-

126 2621 224 2685 ladius
238 2624 375 2687 Historia
396 2623 541 2687 lausiaca
567 2627 643 2708 Cap.
668 2624 813 2689 XXXIX.
837 2626 963 2703 Insuper
984 2626 1073 2688 Sozo-

125 2724 235 2767 menus
252 2708 329 2780 „bib
360 2707 399 2768 V.
423 2706 494 2784 Cap.
521 2707 560 2768 10
587 2726 729 2773 enarrans
757 2708 975 2779 contumeliae,
1007 2712 1073 2786 qui-

121 2788 182 2853 hus
203 2786 346 2868 Virgines
367 2789 554 2852 Christianae
574 2788 727 2868 Heliopoli
746 2788 786 2850 ab
807 2788 978 2852 Gentilibus*
995 2791 1072 2851 adle-

126 2874 192 2930 ctae
213 2876 301 2940 sunt,
318 2889 369 2932 eas
390 2872 481 2932 etiam
500 2878 599 2932 tonsas
621 2872 713 2940 inisse
742 2872 855 2934 scribit.
879 2873 943 2934 Etsi
971 2878 1073 2950 autem

12 2955 13 3024 l
125 2967 184 3011 noo
220 2957 281 3012 tam
304 2954 428 3027 antiqua
461 2952 498 3011 sit
520 2954 620 3013 annuli
649 2954 781 3020 traditio,
798 2954 1073 3023 inconsecratione

12 3037 13 3120 J
124 3031 286 3112 Virginum
309 3034 429 3103 usitata,
453 3041 534 3096 recte
557 3034 751 3113 nihilominus
772 3034 941 3097 institutum
963 3036 1000 3097 ab
1015 3036 1073 3107 Ec·
1140 3076 1141 3079 =

124 3116 218 3175 ciesia
233 3114 298 3184 luit,
314 3120 349 3177 ui
361 3115 533 3191 Virginibus
541 3135 624 3193 quae
639 3117 792 3195 spirituale
807 3134 877 3177 cum
892 3115 910 3175 J
914 3134 968 3176 esu
983 3116 1073 3179 Chri-

12 3210 13 3218 *
124 3202 170 3257 sto
192 3196 369 3275 conjugium
391 3197 509 3266 inirent,
533 3199 571 3259 ab
593 3196 742 3276 Episcopo
764 3198 888 3260 annulus
916 3198 1073 3263 lateralia

124 3284 302 3339 omameota
332 3280 514 3341 traderetur.
542 3279 805 3354 Quemadmodum
828 3280 1072 3359 insacramento

123 3359 311 3421 Matrimonii
334 3368 555 3423 consueverunt
579 3362 651 3421 olim
673 3380 726 3441 per
749 3359 943 3423 Sacerdotum
966 3384 1073 3426 manus

127 3459 260 3503 coronae
281 3442 395 3520 imponi
416 3444 610 3521 conjugibus,
634 3446 758 3505 utilate
781 3444 888 3521 probat
907 3442 1072 3507 Matienius

122 3524 189 3584 Lib.
215 3523 229 3583 l
252 3523 452 3603 Donatianis
475 3524 616 3585 Ecclesiae
637 3525 758 3593 ritibus,
781 3526 854 3603 Cap.
878 3525 924 3586 IX
947 3534 1004 3588 art.
1028 3526 1072 3587 lll

123 3624 205 3669 oum.
230 3604 264 3666 X
293 3605 443 3683 hodieque
464 3604 571 3668 Graeci
592 3608 648 3684 ipsi
671 3608 847 3677 observant,
870 3612 1072 3669 attestantur

260 3700 319 3755 Vol.
337 3705 359 3754 1.
771 3777 774 3783 Ι
918 3704 935 3755 8
