2567 4042
247 170 273 203 l

463 194 670 266 wssffl·

133 317 185 382 Ill.
208 318 358 381 Omnibus
378 336 504 397 prorsus
524 319 675 391 saeculis,
700 318 782 378 omni
805 324 941 398 tempore
963 336 1049 399 repe·

99 404 210 463 riuntur
232 418 310 477 quae
331 401 377 461 Ile
398 398 477 461 Veri
490 398 670 481 displicent,
688 400 785 471 idest,
803 400 965 462 allusiones
980 420 1010 463 m
1032 434 1047 449 ·

98 485 204 554 eticae,
230 483 519 560 repraesentationes
551 481 721 561 figuratae,
745 482 877 543 actiones
908 420 1047 562 symhoE·

99 584 157 627 cae.
181 564 231 625 Sic
253 564 399 625 discimus
421 581 463 624 ex
484 562 516 625 S.
541 564 658 628 iustine
679 566 709 623 in
732 562 878 645 Apoloyta
905 566 1045 636 decima,

98 649 265 726 amplexum
287 652 430 707 mutuum
453 650 591 723 tempore
612 644 755 707 Sacrihui
778 646 844 705 dari
866 648 988 708 solitum
1010 647 1048 709 ad

97 729 319 809 exprimendam
343 745 447 803 pacem
470 732 507 787 et·
517 730 687 795 caritatem,
703 744 781 803 quae
803 720 937 790 fidelium
952 731 1050 790 cordi-

95 813 147 873 hus
167 814 267 872 inesse
292 809 392 871 debet.
408 807 548 871 Clemens
568 810 805 887 Alexandrinus,
822 809 888 884 Lih.
912 810 955 871 Vl
970 811 1050 873 Stro-

94 904 219 963 metsm‚
246 890 565 970 asseritPreshyteros
587 898 618 953 et
639 892 787 951 Diaconos
808 892 875 952 ideo
893 892 1049 972 Episcopis

94 991 176 1039 sacra
205 974 387 1035 iacientibus
410 975 572 1043 assistere·
587 980 621 1035 ut
641 974 796 1035 adstantes
809 971 948 1035 Numinis
969 974 1050 1036 thro·

94 1074 130 1119 no
150 1056 285 1137 Angelos
297 1054 468 1132 affigerent.
485 1053 590 1117 Monet
604 1072 657 1116 nos
672 1055 703 1116 S.
720 1054 900 1135 Cyprianus,
918 1055 1051 1135 Epistola

93 1136 141 1208 67,
165 1137 247 1216 quod
269 1139 299 1195 in
321 1137 472 1199 oblatione
493 1140 722 1217 mysticaeque
744 1139 812 1197 vino
835 1136 955 1199 misceri
978 1155 1050 1200 cons

92 1221 226 1284 suereril
246 1217 284 1279 ad
314 1220 543 1297 exprimendam
577 1216 720 1281 unioaeni
741 1218 815 1279 lesu
836 1218 948 1281 Christi
979 1238 1051 1283 curn
1090 1260 1094 1266 ·

92 1302 242 1384 gonfinus.
265 1302 363 1361 Docet
382 1300 415 1361 S.
432 1301 615 1363 Athanasius
636 1301 743 1361 eadem
766 1300 825 1361 nos
854 1318 940 1362 sacro
963 1302 1050 1365 altari
1168 1376 1172 1385 .

92 1384 228 1448 osculum
252 1378 355 1460 infigi,
379 1400 442 1460 qua
463 1384 573 1444 mulier
594 1384 769 1461 evangelica
784 1383 855 1444 Jesn
872 1382 984 1444 Christi
996 1400 1051 1446 ae-

93 1468 234 1536 admenta
256 1467 364 1544 tetigit.
387 1467 568 1543 Reperimus
590 1466 620 1524 in
642 1464 675 1525 S.»
699 1464 811 1543 Cyrille
833 1462 1053 1546 Hierosolymi-

92 1557 173 1615 tauo‚
196 1546 393 1615 Caesenni,
410 1547 527 1625 quodsi
543 1546 694 1607 Diaconue
715 1546 903 1609 celebraturo
914 1545 1054 1609 Pontiiim

94 1646 204 1709 mnam
227 1628 264 1688 ad
287 1630 430 1691 lavandas
461 1644 570 1690 manus
602 1630 757 1706 porrigat,
781 1629 811 1688 ld
839 1646 898 1689 non
930 1628 996 1691 fieri
1019 1634 1054 1692 ut

93 1714 197 1775 sordes
220 1728 368 1773 manuum
389 1710 605 1790 detergantur,
628 1728 707 1786 quae
727 1706 791 1788 jam
813 1716 881 1771 ante
897 1726 1053 1773 accessum

94 1795 129 1855 ad
151 1795 251 1855 altare
271 1794 432 1855 mundatae
454 1793 595 1860 lucrant,
618 1808 728 1853 rerum
750 1797 784 1852 ut
805 1794 832 1851 ei
851 1796 967 1870 puritas
987 1808 1055 1855 cor·

94 1874 137 1936 die
159 1876 200 1935 oh
223 1876 330 1937 oculos
348 1874 533 1941 collocetur,
556 1890 647 1951 quarn
671 1875 707 1935 ad
729 1890 816 1933 sacra
837 1875 980 1953 mysteria
1003 1894 1054 1937 ac·

95 1956 254 2025 cedentem
273 1958 381 2018 afferre
402 1960 531 2036 oportet.
556 1956 590 2016 ln
608 1955 644 2016 S.
662 1951 851 2035 Hieronymo
873 1963 978 2019 contra
999 1954 1053 2019 Vl·

96 2039 253 2117 gilantium
274 2038 414 2117 legimus,
437 2040 519 2114 quod
540 2037 695 2115 Evangelii
718 2044 855 2114 tempore
876 2042 940 2099 toto
960 2039 992 2098 in
1013 2036 1052 2100 0·

94 2121 191 2183 stante
218 2123 386 2201 meridiano
407 2120 470 2180 sole
491 2120 629 2180 incensae
651 2118 763 2180 luerint
783 2134 890 2179 cereae
918 2119 1001 2181 iaces
1024 2121 1054 2181 in

95 2201 213 2280 signum
221 2202 377 2282 *obsequii
389 2201 553 2281 mysticum
575 2210 607 2264 et
629 2202 760 2263 laetitiae
781 2200 1001 2263 testimonium.
1018 2202 1052 2263 S.

96 2283 288 2363 Augustinus
302 2282 493 2345 inPsalmum
511 2282 570 2343 too
583 2287 714 2344 testatur
728 2283 807 2361 quod
820 2283 945 2362 mystica
958 2282 1054 2345 subsit

96 2369 193 2437 ratio,
219 2384 276 2427 cur
297 2363 761 2446 quandoqueAllelsq‘esolemhi
773 2380 884 2443 pompa
902 2368 1054 2439 praecina-

96 2451 158 2519 tur,
173 2447 357 2524 qnandoque
369 2465 443 2508 vero
467 2447 586 2523 penitus
596 2449 776 2521 *omittatur
799 2444 832 2506 ln
848 2446 878 2507 S.
895 2445 1056 2509 Ambrosio

95 2528 257 2599 iuvenies,
295 2531 376 2605 quod
399 2525 454 2590 suli
476 2528 536 2587 aris
558 2528 729 2609 Martyrum
752 2541 880 2607 corpore
902 2530 1057 2591 recondita

24 2659 25 2662 ,
95 2607 234 2677 luerint,
264 2616 299 2672 ut
320 2608 602 2687 ita0signiiicaretur
623 2627 676 2670 eos
704 2611 838 2672 caritatis
864 2611 1000 2672 victimas
1025 2612 1073 2670 in.

95 2693 206 2753 uniorm
222 2691 295 2752 Jesu
309 2689 420 2753 Christi
441 2693 576 2752 omnium
597 2691 790 2754 victimarum
814 2692 930 2770 primae
954 2698 984 2754 el
1005 2710 1057 2753 ex·
1113 2702 1117 2709 '

24 2815 25 2820 η
95 2774 336 2840 scientissimus,
352 2776 521 2835 immolatos
542 2772 697 2835 cedidisse.
715 2775 842 2837 &nctus
856 2770 989 2835 Thomas
1010 2770 1055 2835 lli

94 2851 195 2923 Parte,
210 2857 386 2932 quaestione
396 2855 439 2916 83
452 2852 612 2916 cruentos
631 2858 672 2916 ita
684 2858 828 2933 loquitur:
850 2854 1056 2925 «Dicendum,

95 2938 179 3011 quod
198 2938 314 2999 ablutio
335 2954 481 3000 manuum
496 2936 531 2998 tit
543 2937 574 2995 in
589 2938 790 3000 celebratione
805 2934 916 2997 Missae
930 2942 1056 3015 propter
1176 3008 1177 3011 Ἴ

24 3023 25 3030 ’
96 3018 301 3079 reverentiam
323 3017 418 3097 hujus
439 3020 635 3080 Sacramenti:
649 3021 758 3081 etheo
775 3017 945 3097 dupliciter:
958 3019 1057 3096 primo

24 3109 25 3174 j
98 3100 246 3174 nudem,
270 3101 342 3177 quia
363 3102 464 3178 aliqua
487 3100 616 3179 pretiosa
650 3107 781 3162 tractare
813 3115 872 3161 non
899 3099 1058 3160 consuevi·-

96 3195 188 3251 mus,
202 3182 262 3243 nisi
278 3184 415 3245 manibus
430 3183 558 3253 ablutis,
573 3183 655 3246 unde
671 3184 811 3245 indecens
825 3182 958 3253 ridetur,
976 3180 1057 3258 quod

98 3261 135 3320 ad
157 3270 277 3326 tantum
301 3262 531 3327 Sacramentum
547 3264 654 3342 aliquis
669 3267 794 3327 accedat
808 3265 947 3324 manibus
963 3263 1057 3324 etiam

96 3346 504 3424 corporaliterinquinatus
527 3344 665 3407 Secundo
680 3337 835 3429 ‚q‘propier
866 3342 1058 3423 significatio·

24 3459 25 3466 κ
97 3441 194 3495 nem,
218 3428 290 3503 quia
310 3430 538 3490 extremitatum
560 3428 672 3508 ablutio
695 3425 842 3507 significat
869 3425 1058 3488 emundatio·

96 3506 279 3571 nemetiam
294 3528 313 3569 a
328 3512 462 3573 minimis
475 3509 619 3588 peccatis.
630 3529 648 3569 n
660 3510 843 3589 Reperimus
853 3509 976 3573 demum
991 3523 1057 3585 syn·

97 3588 197 3661 onos,
221 3608 301 3669 quae
322 3590 497 3656 Pastorihus
518 3591 605 3653 enixe
619 3594 828 3670 praecipiunt,
848 3596 883 3649 ut
898 3587 1057 3650 ediscendo
1149 3619 1151 3623 .

24 3683 25 3688 ’
99 3673 204 3735 sensui
226 3676 356 3754 mystico
377 3672 531 3738 Ecclesiae
552 3673 668 3736 rituum
700 3672 805 3735 sedule
827 3667 1013 3730 incumbant.
