2567 4042
577 168 637 230 ’Ἥ
661 158 807 229 iffi&-

212 296 322 364 diotntn
343 291 548 369 Antiphonem
574 287 661 352 Solos
675 289 793 369 lisuino
813 289 994 352 recitandam
1017 287 1172 352 certisdi·

213 379 302 446 vinee
325 377 370 438 rei
394 374 487 444 horis;
512 391 590 450 qnae
612 374 707 434 horae
729 374 821 434 luisse
842 373 982 432 sidentur
1002 370 1174 434 Matutinee

213 467 244 521 et
266 459 432 534 vesperae.
457 456 584 531 Aliquas
606 455 796 532 Antiphonas
816 457 845 514 in
865 455 1011 513 honorem
1032 454 1170 514 umine

213 560 280 603 mae
296 539 429 618 Virginis
452 537 543 598 luisse
560 541 627 613 pest
642 535 878 612 Completorium
893 555 912 594 a
927 534 1086 596 Mounehis
1102 553 1170 596 can·

213 629 313 688 tatas,
337 623 424 681 docet
444 618 581 688 hlarterre
603 619 641 678 de
661 619 797 696 ,antiquis
821 618 1035 679 Monnchorum
1061 618 1176 677 ritihrn

211 703 277 765 Lib.
302 705 316 766 Ι
338 703 411 776 Cap.
438 700 477 766 12
499 719 582 760 unm.
609 700 658 760 17.
683 700 803 774 Allegat
823 701 958 760 llleralus
982 699 1018 759 T.
1041 698 1072 760 ll
1089 698 1169 760 Sect.

209 787 238 848 V
254 785 327 866 Cap.
343 785 395 850 22.
412 782 529 844 num.5
550 783 740 844 Breviarinm
757 781 918 851 Venetum,
935 783 965 840 in
988 800 1050 858 quo
1065 781 1171 840 dicun·

213 875 262 931 tur
283 874 414 946 quatuor
433 864 500 924 illae
526 864 729 941 Antiphonae‚
756 869 882 925 statutas
906 883 923 923 a
950 862 1109 925 Clemente
1129 861 1171 922 vt

213 968 290 1012 anno
314 949 414 1012 1350,
437 963 603 1022 earumque
628 948 718 1007 etiam
742 948 914 1006 meminisse
942 947 983 1006 eit
1004 943 1172 1005 Turrense-

212 1036 292 1096 mela
315 1031 345 1091 in
367 1023 543 1106 Repulit-S.
560 1026 716 1088 Benedicti
738 1027 780 1086 od
797 1027 1041 1106 Completorium.
1067 1027 1174 1087 Mouet

214 1119 313 1176 lamen
337 1111 415 1171 idem
432 1109 577 1174 llleratusn
602 1111 697 1170 multo
716 1115 787 1170 ante
802 1108 988 1170 Cardinalem
1005 1108 1176 1168 Turrccre-

213 1199 306 1263 mala,
326 1201 415 1270 etque
431 1191 505 1252 adeo
522 1192 617 1252 multo
632 1193 723 1252 etiam
739 1197 809 1251 ente
824 1191 1010 1252 Clementem
1028 1189 1073 1250 vi
1090 1207 1173 1250 men·

214 1277 326 1338 tionem
341 1277 453 1336 harum
469 1273 702 1349 antiphonarum
725 1273 816 1333 luisse
836 1275 963 1334 lectam:
987 1291 1096 1338 earum
1120 1273 1177 1333 sni·

214 1359 284 1421 licet
306 1357 443 1420 meminit
474 1354 600 1419 loannes
622 1353 793 1416 Parmensis
825 1356 854 1415 in
877 1355 1002 1432 epistola
1029 1354 1104 1415 data
1135 1355 1173 1414 ad

148 1481 151 1487 ·
212 1437 334 1503 Fratres
356 1437 487 1498 Minores
509 1455 585 1497 anuo
610 1435 710 1507 inl-9,
741 1455 834 1513 qnam
865 1440 1023 1516 epistolem
1046 1436 1175 1497 exhibet

213 1521 382 1598 Wadingus
401 1517 439 1580 ¹ed
455 1521 597 1580 eumdem
613 1537 737 1580 annum.
762 1516 846 1579 liaeo
870 1538 960 1596 porro
975 1519 1092 1583 omnia,
1117 1518 1173 1578 etsi

213 1601 299 1666 laclle
321 1603 518 1678 excipiamus,
543 1619 601 1662 non
624 1603 767 1661 continuo
789 1601 921 1662 latemur
943 1603 981 1661 eb
1003 1599 1168 1666 Ecclesiis,

213 1689 244 1746 et
264 1681 391 1746 Clericis
409 1683 548 1746 omnihus
570 1681 662 1744 luisse
684 1683 740 1743 has
756 1681 943 1760 hntiphonas
958 1682 1175 1744 Ecclesiastico

213 1765 319 1828 Officio
335 1765 461 1826 additas.
486 1762 644 1841 Utcunque
666 1766 716 1835 sit,
741 1766 839 1825 multo
859 1767 1012 1842 antiquior
1031 1763 1093 1826 init
1108 1781 1175 1824 mos
1248 1812 1249 1823 ,

214 1847 371 1914 recitandi,
396 1848 502 1906 saltem
525 1851 592 1922 post
613 1846 808 1908 Beatissimae
824 1847 957 1924 Virginis
979 1846 1097 1907 hieriae
1120 1843 1172 1906 nf-
1248 1852 1249 1887 ³

213 1928 337 1996 ficium,
363 1929 558 2005 antiphonam
580 1924 640 1988 Aac
666 1927 784 2008 Repino
810 1928 979 1990 Codornm.
1003 1925 1173 1989 Cardinolis

213 2011 399 2089 Quignonius
422 2011 450 2067 in
471 2009 627 2069 Brevinrio
653 2028 672 2071 a
693 2028 726 2070 se
746 2011 827 2070 edito
848 2013 920 2070 duas
943 2015 1062 2071 tantuna
1085 2009 1171 2071 exhi·
1248 2054 1249 2065 ,

213 2093 278 2156 buit
300 2089 487 2169 Antiphonas
511 2089 625 2166 Virgini
648 2099 716 2168 post
729 2091 968 2169 Completorlum
989 2091 1173 2159 recitandass

215 2175 358 2236 nimirum
383 2171 470 2234 Scine
496 2171 618 2248 treptia
640 2179 670 2233 et
692 2172 812 2250 chinn
836 2173 919 2236 Coeli
939 2174 1066 2232 laetare.
1082 2171 1172 2234 Ars.

214 2254 285 2318 Pius
316 2255 343 2314 V
375 2259 504 2332 quatuor
528 2254 708 2330 antiphonas
734 2255 869 2315 Romano
901 2256 1056 2316 Breviario
1084 2254 1171 2316 resti·

215 2338 284 2400 luit.
307 2335 352 2398 En
374 2355 453 2412 qliae
474 2337 504 2398 in
526 2336 682 2396 Brevia'rio
697 2334 867 2412 ejus'jussu
889 2335 1003 2396 Rornae
1025 2337 1108 2396 edito
1124 2353 1172 2398 nc·
1248 2346 1249 2351 ’

215 2425 360 2482 currunt:
386 2417 499 2478 Deinde
522 2417 635 2477 dicitur
656 2436 719 2477 nno
742 2437 780 2477 esc
800 2417 1004 2494 infrascriptis
1026 2415 1172 2496 Antipho·
1248 2446 1249 2457 κ

214 2501 262 2562 ns's
282 2501 533 2578 protensiones
555 2499 715 2559 Dominieo
733 2501 838 2578 priano
860 2498 1002 2575 odncrdns
1023 2497 1173 2576 nequead
1248 2540 1249 2551 ,

215 2580 460 2661 Purificalionem
482 2581 647 2658 antiphona
669 2579 759 2642 :timu
781 2577 996 2660 Redernploris
1020 2579 1171 2660 APurifi·
1248 2628 1249 2659 3

217 2663 331 2724 catione
353 2680 446 2738 nsque
468 2661 631 2740 odierium
649 2663 786 2740 quintam
806 2662 841 2720 in
859 2661 959 2723 Coeno
973 2661 1099 2721 Domini
1111 2661 1170 2722 Ars
1248 2666 1249 2679 ¹

215 2743 334 2822 Regino
360 2743 530 2808 Coelernm.
560 2739 696 2820 limpore
726 2743 859 2803 Posclrnli
880 2741 1078 2822 Antiphone:
1110 2742 1169 2804 Re-

216 2825 288 2905 pt‘nn
308 2826 402 2888 Cocli:
425 2825 461 2884 ab
496 2821 608 2884 Oclnno
629 2823 808 2888 Pentecosten
833 2844 925 2902 usqne
947 2824 990 2883 nd
1006 2824 1170 2886 Ademtum
1248 2836 1249 2839 ’

215 2905 397 2986 Antiphone,
422 2905 506 2968 Soloe
529 2903 657 2982 chinn.

257 2988 297 3049 ll.
323 2987 366 3052 ne
388 2993 511 3064 auctore
533 2987 642 3048 harum
666 2987 909 3065 Antiphonarnm
932 3003 1103 3051 sermonem
1126 2988 1169 3046 in-

216 3069 373 3136 tiluamus.
410 3067 456 3129 hh
478 3087 513 3128 ea
535 3070 743 3137 exordiamur,
766 3089 844 3145 qnae
866 3071 964 3142 primo
986 3072 1053 3129 loeo
1074 3068 1167 3147 posits

119 3211 122 3215 .
217 3157 285 3215 nst:
310 3154 425 3214 scilieet
446 3151 483 3210 ah
506 3152 591 3213 stne
606 3149 823 3228 Redempteris.
847 3149 1038 3212 Gnillielmus
1054 3151 1167 3216 Duran-

217 3233 272 3298 dus
289 3235 318 3295 in
334 3253 388 3294 suo
398 3231 732 3298 Rationalidininornm
745 3231 918 3312 officiorum
925 3232 1043 3293 Libit
1052 3227 1169 3308 Capffl

217 3321 372 3384 auctorem
389 3314 468 3374 illius
484 3313 573 3377 luisse
585 3315 626 3374 sit
641 3313 852 3376 Hermannnm
865 3312 1071 3376 Contrectnm.
1088 3311 1167 3374 Enn-

217 3396 285 3466 detn
307 3393 516 3456 Hermannum
533 3394 658 3474 hujusce
673 3398 854 3474 antiphonae
869 3404 1024 3457 anetnrern
1040 3396 1167 3456 affirmat
1248 3414 1249 3417 ¹

217 3478 308 3538 etiarn
332 3478 424 3539 Wlou
448 3477 512 3539 tib.
529 3477 560 3547 V¹
578 3475 670 3556 Lipni
684 3479 768 3541 Vitas
791 3497 858 3557 pag.
880 3476 941 3538 etl
963 3495 1093 3555 eamque
1106 3475 1166 3552 opi·
1248 3527 1249 3530 ,

216 3557 335 3620 ninnern
358 3559 524 3635 approhare
540 3559 661 3620 ridetur
682 3559 883 3623 Bellarminus
904 3561 943 3622 de
956 3558 1048 3621 Bonis
1066 3556 1166 3640 Operi·
